@book{funes,
	author = {Borges, Jorge Luis},
	publisher = {Buenos Aires: Sur},
	title = {Ficciones, 1935-1944},
	year = {1944}
}

@article{dehaene2012single,
  title={From a single decision to a multi-step algorithm},
  author={Dehaene, Stanislas and Sigman, Mariano},
  journal={Current opinion in neurobiology},
  volume={22},
  number={6},
  pages={937--945},
  year={2012},
  publisher={Elsevier Current Trends}
}

@article{tversky1989hot,
  title={The “hot hand”: Statistical reality or cognitive illusion?},
  author={Tversky, Amos and Gilovich, Thomas},
  journal={Chance},
  volume={2},
  number={4},
  pages={31--34},
  year={1989},
  publisher={Taylor \& Francis Group}
}

@article{chaitin1966length,
  title={On the length of programs for computing finite binary sequences},
  author={Chaitin, Gregory J},
  journal={Journal of the ACM (JACM)},
  volume={13},
  number={4},
  pages={547--569},
  year={1966},
  publisher={ACM}
}

@article{gallos2012conundrum,
  title={The conundrum of functional brain networks: small-world efficiency or fractal modularity},
  author={Gallos, Lazaros and Sigman, Mariano and Makse, Hernan},
  journal={Frontiers in physiology},
  volume={3},
  pages={123},
  year={2012},
  publisher={Frontiers}
}

@article{kamienkowski2011effects,
  title={Effects of practice on task architecture: Combined evidence from interference experiments and random-walk models of decision making},
  author={Kamienkowski, Juan E and Pashler, Harold and Dehaene, Stanislas and Sigman, Mariano},
  journal={Cognition},
  volume={119},
  number={1},
  pages={81--95},
  year={2011},
  publisher={Elsevier}
}

@article{chaitin1975theory,
  title={A theory of program size formally identical to information theory},
  author={Chaitin, Gregory J},
  journal={Journal of the ACM (JACM)},
  volume={22},
  number={3},
  pages={329--340},
  year={1975},
  publisher={ACM}
}

@article{solomonoff1964formal,
  title={A formal theory of inductive inference. Part I},
  author={Solomonoff, Ray J},
  journal={Information and control},
  volume={7},
  number={1},
  pages={1--22},
  year={1964},
  publisher={Academic Press}
}

@article{wagenaar1991randomness,
  title={Randomness and randomizers: Maybe the problem is not so big.},
  author={Wagenaar, Willem A},
  year={1991},
  publisher={John Wiley \& Sons}
}


@article{gallos2012small,
  title={A small world of weak ties provides optimal global integration of self-similar modules in functional brain networks},
  author={Gallos, Lazaros K and Makse, Hern{\'a}n A and Sigman, Mariano},
  journal={Proceedings of the National Academy of Sciences},
  volume={109},
  number={8},
  pages={2825--2830},
  year={2012},
  publisher={National Academy of Sciences}
}

@article{carey2000origin,
  title={The origin of concepts},
  author={Carey, Susan},
  journal={Journal of Cognition and Development},
  volume={1},
  number={1},
  pages={37--41},
  year={2000},
  publisher={Taylor \& Francis}
}

@article{zvonkin1970complexity,
  title={The complexity of finite objects and the development of the concepts of information and randomness by means of the theory of algorithms},
  author={Zvonkin, Alexander K and Levin, Leonid A},
  journal={Russian Mathematical Surveys},
  volume={25},
  number={6},
  pages={83},
  year={1970},
  publisher={IOP Publishing}
}

@article{zylberberg2012construction,
  title={The construction of confidence in a perceptual decision},
  author={Zylberberg, Ariel and Barttfeld, Pablo and Sigman, Mariano},
  journal={Frontiers in integrative neuroscience},
  volume={6},
  pages={79},
  year={2012},
  publisher={Frontiers}
}

@article{cilibrasi2005clustering,
  title={Clustering by compression},
  author={Cilibrasi, Rudi and Vit{\'a}nyi, Paul MB},
  journal={IEEE Transactions on Information theory},
  volume={51},
  number={4},
  pages={1523--1545},
  year={2005},
  publisher={IEEE}
}

@article{rapoport1992generation,
  title={Generation of random series in two-person strictly competitive games.},
  author={Rapoport, Amnon and Budescu, David V},
  journal={Journal of Experimental Psychology: General},
  volume={121},
  number={3},
  pages={352},
  year={1992},
  publisher={American Psychological Association}
}

@misc{hale2013introduction,
  title={Introduction to functional differential equations},
  author={Hale, Jack K and Lunel, Sjoerd M Verduyn},
  year={2013},
  publisher={Springer Science \& Business Media}
}

@inproceedings{griffiths2003probability,
  title={Probability, algorithmic complexity, and subjective randomness},
  author={Griffiths, Thomas L and Tenenbaum, Joshua B},
  booktitle={Proceedings of the Annual Meeting of the Cognitive Science Society},
  volume={25},
  number={25},
  year={2003}
}

@article{schnorr1971unified,
  title={A unified approach to the definition of random sequences},
  author={Schnorr, Claus-Peter},
  journal={Mathematical systems theory},
  volume={5},
  number={3},
  pages={246--258},
  year={1971},
  publisher={Springer-Verlag}
}

@article{dellarosa1988history,
  title={A history of thinking.},
  author={Dellarosa, Denise},
  year={1988},
  publisher={Cambridge University Press}
}

@article{tune1964response,
  title={Response preferences: A review of some relevant literature.},
  author={Tune, GS},
  journal={Psychological bulletin},
  volume={61},
  number={4},
  pages={286},
  year={1964},
  publisher={American Psychological Association}
}

@article{zylberberg2009neurophysiological,
  title={Neurophysiological bases of exponential sensory decay and top-down memory retrieval: a model},
  author={Zylberberg, Ariel and Dehaene, Stanislas and Mindlin, Gabriel B and Sigman, Mariano},
  journal={Frontiers in computational neuroscience},
  volume={3},
  pages={4},
  year={2009},
  publisher={Frontiers}
}

@article{kolmogorov1965three,
  title={Three approaches to the quantitative definition ofinformation'},
  author={Kolmogorov, Andrei N},
  journal={Problems of information transmission},
  volume={1},
  number={1},
  pages={1--7},
  year={1965}
}

@article{shalom2011looking,
  title={Looking at breakout: Urgency and predictability direct eye events},
  author={Shalom, Diego E and Dagnino, Bruno and Sigman, Mariano},
  journal={Vision research},
  volume={51},
  number={11},
  pages={1262--1272},
  year={2011},
  publisher={Pergamon}
}

@article{kahneman1972subjective,
  title={Subjective probability: A judgment of representativeness},
  author={Kahneman, Daniel and Tversky, Amos},
  journal={Cognitive psychology},
  volume={3},
  number={3},
  pages={430--454},
  year={1972},
  publisher={Academic Press}
}

@article{falk1997making,
  title={Making sense of randomness: Implicit encoding as a basis for judgment.},
  author={Falk, Ruma and Konold, Clifford},
  journal={Psychological Review},
  volume={104},
  number={2},
  pages={301},
  year={1997},
  publisher={American Psychological Association}
}

@article{wgenaar1988cance,
  title={Cance and luck are not the same},
  author={Wgenaar, Willem A and Kerenm, Gideon B},
  journal={Journal of Behavioral Decision Making},
  volume={1},
  number={2},
  pages={65--75},
  year={1988},
  publisher={John Wiley \& Sons, Ltd. Chichester}
}

@article{bartlett1943ferrier,
  title={Ferrier Lecture-Fatigue following highly skilled work},
  author={Bartlett, Frederic Charles},
  journal={Proceedings of the Royal Society of London. Series B-Biological Sciences},
  volume={131},
  number={864},
  pages={247--257},
  year={1943},
  publisher={The Royal Society London}
}

@book{hockey1983stress,
  title={Stress and fatigue in human performance},
  author={Hockey, Robert},
  volume={3},
  year={1983},
  publisher={John Wiley \& Sons Inc}
}

@article{tversky1971belief,
  title={Belief in the law of small numbers.},
  author={Tversky, Amos and Kahneman, Daniel},
  journal={Psychological bulletin},
  volume={76},
  number={2},
  pages={105},
  year={1971},
  publisher={American Psychological Association}
}

@article{mota2012speech,
  title={Speech graphs provide a quantitative measure of thought disorder in psychosis},
  author={Mota, Natalia B and Vasconcelos, Nivaldo AP and Lemos, Nathalia and Pieretti, Ana C and Kinouchi, Osame and Cecchi, Guillermo A and Copelli, Mauro and Ribeiro, Sidarta},
  journal={PloS one},
  volume={7},
  number={4},
  pages={e34928},
  year={2012},
  publisher={Public Library of Science}
}

@article{zylberberg2010brain,
  title={The brain's router: a cortical network model of serial processing in the primate brain},
  author={Zylberberg, Ariel and Slezak, Diego Fern{\'a}ndez and Roelfsema, Pieter R and Dehaene, Stanislas and Sigman, Mariano},
  journal={PLoS Comput Biol},
  volume={6},
  number={4},
  pages={e1000765},
  year={2010},
  publisher={Public Library of Science}
}

@article{broadbent1979ergonomics,
  title={The Ergonomics Society The Society's Lecture 1979 IS A FATIGUE TEST NOW POSSIBLE?},
  author={Broadbent, Donald E},
  journal={Ergonomics},
  volume={22},
  number={12},
  pages={1277--1290},
  year={1979},
  publisher={Taylor \& Francis}
}

@article{gilovich1985hot,
  title={The hot hand in basketball: On the misperception of random sequences},
  author={Gilovich, Thomas and Vallone, Robert and Tversky, Amos},
  journal={Cognitive psychology},
  volume={17},
  number={3},
  pages={295--314},
  year={1985},
  publisher={Academic Press}
}

@article{baddeley1966capacity,
  title={The capacity for generating information by randomization},
  author={Baddeley, Alan D},
  journal={The Quarterly journal of experimental psychology},
  volume={18},
  number={2},
  pages={119--129},
  year={1966},
  publisher={Taylor \& Francis}
}

@article{elias2009scale,
  title={Scale-invariant transition probabilities in free word association trajectories},
  author={Elias Costa, Martin and Bonomo, Flavia and Sigman, Mariano},
  journal={Frontiers in integrative neuroscience},
  volume={3},
  pages={19},
  year={2009},
  publisher={Frontiers}
}

@article{feldman2000minimization,
  title={Minimization of Boolean complexity in human concept learning},
  author={Feldman, Jacob},
  journal={Nature},
  volume={407},
  number={6804},
  pages={630--633},
  year={2000},
  publisher={Nature Publishing Group}
}

@article{matsumoto1998mersenne,
  title={Mersenne twister: a 623-dimensionally equidistributed uniform pseudo-random number generator},
  author={Matsumoto, Makoto and Nishimura, Takuji},
  journal={ACM Transactions on Modeling and Computer Simulation (TOMACS)},
  volume={8},
  number={1},
  pages={3--30},
  year={1998},
  publisher={ACM}
}

@article{champernowne1933construction,
  title={The construction of decimals normal in the scale of ten},
  author={Champernowne, David G},
  journal={Journal of the London Mathematical Society},
  volume={1},
  number={4},
  pages={254--260},
  year={1933},
  publisher={Oxford University Press}
}

@book{reichenbach1971theory,
  title={The theory of probability},
  author={Reichenbach, Hans},
  year={1971},
  publisher={Univ of California Press}
}

@inproceedings{falk1981perception,
  title={The perception of randomness},
  author={Falk, Ruma},
  booktitle={Proceedings of the fifth international conference for the psychology of mathematics education},
  volume={1},
  pages={222--229},
  year={1981}
}

@article{chater1999search,
  title={The search for simplicity: A fundamental cognitive principle?},
  author={Chater, Nick},
  journal={The Quarterly Journal of Experimental Psychology Section A},
  volume={52},
  number={2},
  pages={273--302},
  year={1999},
  publisher={SAGE Publications Sage UK: London, England}
}

@article{larkey1989s,
  title={It's okay to believe in the “hot hand”},
  author={Larkey, Patrick D and Smith, Richard A and Kadane, Joseph B},
  journal={Chance},
  volume={2},
  number={4},
  pages={22--30},
  year={1989},
  publisher={Taylor \& Francis}
}

@article{sigman2002global,
  title={Global organization of the Wordnet lexicon},
  author={Sigman, Mariano and Cecchi, Guillermo A},
  journal={Proceedings of the National Academy of Sciences},
  volume={99},
  number={3},
  pages={1742--1747},
  year={2002},
  publisher={National Academy of Sciences}
}

@article{kac1983random,
  title={What is random?},
  author={Kac, Mark},
  year={1983},
  publisher={AMERICAN SCIENTIST}
}

@article{weiss1964producing,
  title={On producing random responses},
  author={Weiss, Robert L},
  journal={Psychological Reports},
  volume={14},
  number={3},
  pages={931--941},
  year={1964},
  publisher={SAGE Publications Sage CA: Los Angeles, CA}
}

@article{budescu1994subjective,
  title={Subjective randomization in one-and two-person games},
  author={Budescu, David V and Rapoport, Amnon},
  journal={Journal of Behavioral Decision Making},
  volume={7},
  number={4},
  pages={261--278},
  year={1994},
  publisher={John Wiley \& Sons, Ltd. Chichester}
}


@article{piantadosi2016four,
  title={Four problems solved by the probabilistic Language of Thought},
  author={Piantadosi, Steven T and Jacobs, Robert A},
  journal={Current Directions in Psychological Science},
  volume={25},
  number={1},
  pages={54--59},
  year={2016},
  publisher={SAGE Publications Sage CA: Los Angeles, CA}
}

@article{ghahramani2015probabilistic,
  title={Probabilistic machine learning and artificial intelligence},
  author={Ghahramani, Zoubin},
  journal={Nature},
  volume={521},
  number={7553},
  pages={452},
  year={2015},
  publisher={Nature Publishing Group}
}

@article{overlan2017learning,
  title={Learning abstract visual concepts via probabilistic program induction in a Language of Thought},
  author={Overlan, Matthew C and Jacobs, Robert A and Piantadosi, Steven T},
  journal={Cognition},
  volume={168},
  pages={320--334},
  year={2017},
  publisher={Elsevier}
}

@article{gentner1983structure,
  title={Structure-mapping: A theoretical framework for analogy},
  author={Gentner, Dedre},
  journal={Cognitive science},
  volume={7},
  number={2},
  pages={155--170},
  year={1983},
  publisher={Wiley Online Library}
}

@article{rosch1975family,
  title={Family resemblances: Studies in the internal structure of categories},
  author={Rosch, Eleanor and Mervis, Carolyn B},
  journal={Cognitive psychology},
  volume={7},
  number={4},
  pages={573--605},
  year={1975},
  publisher={Elsevier}
}

@article{rosch1976structural,
  title={Structural bases of typicality effects.},
  author={Rosch, Eleanor and Simpson, Carol and Miller, R Scott},
  journal={Journal of Experimental Psychology: Human perception and performance},
  volume={2},
  number={4},
  pages={491},
  year={1976},
  publisher={American Psychological Association}
}

@article{nosofsky1986attention,
  title={Attention, similarity, and the identification--categorization relationship.},
  author={Nosofsky, Robert M},
  journal={Journal of experimental psychology: General},
  volume={115},
  number={1},
  pages={39},
  year={1986},
  publisher={American Psychological Association}
}

@article{rosch1999principles,
  title={Principles of categorization},
  author={Rosch, Eleanor},
  journal={Concepts: core readings},
  volume={189},
  year={1999}
}

@book{boole1854investigation,
  title={An investigation of the laws of thought: on which are founded the mathematical theories of logic and probabilities},
  author={Boole, George},
  year={1854},
  publisher={Dover Publications}
}

@article{goodman2008rational,
  title={A Rational Analysis of Rule-Based Concept Learning},
  author={Goodman, Noah D and Tenenbaum, Joshua B and Feldman, Jacob and Griffiths, Thomas L},
  journal={Cognitive Science},
  volume={32},
  number={1},
  pages={108--154},
  year={2008},
  publisher={Wiley Online Library}
}

@article{tenenbaum2007intuitive,
  title={Intuitive theories as grammars for causal inference},
  author={Tenenbaum, Joshua B and Griffiths, Thomas L and Niyogi, Sourabh},
  journal={Causal learning: Psychology, philosophy, and computation},
  pages={301--322},
  year={2007}
}

@misc{blackburn1984spreading,
  title={Spreading the Word: Grounding in the Philosophy of Language},
  author={Blackburn, Simon},
  year={1984},
  publisher={Clarendon Press}
}

@article{loewer1991meaning,
  title={Meaning in mind},
  author={Loewer, Barry and Rey, Georges},
  journal={Fodor and his Critics},
  year={1991}
}

@article{aydede1997language,
  title={Language of thought: The connectionist contribution},
  author={Aydede, Murat},
  journal={Minds and Machines},
  volume={7},
  number={1},
  pages={57--101},
  year={1997},
  publisher={Springer}
}

@article{knowles1998language,
  title={The language of thought and natural language understanding},
  author={Knowles, Jonathan},
  journal={Analysis},
  volume={58},
  number={4},
  pages={264--272},
  year={1998},
  publisher={Wiley Online Library}
}

@article{goldsmith2001unsupervised,
  title={Unsupervised learning of the morphology of a natural language},
  author={Goldsmith, John},
  journal={Computational linguistics},
  volume={27},
  number={2},
  pages={153--198},
  year={2001},
  publisher={MIT Press}
}

@article{goldsmith2002probabilistic,
  title={Probabilistic models of grammar: Phonology as information minimization},
  author={Goldsmith, John},
  journal={Phonological Studies},
  volume={5},
  pages={21--46},
  year={2002}
}

@book{mackay2003information,
  title={Information theory, inference and learning algorithms},
  author={MacKay, David JC},
  year={2003},
  publisher={Cambridge university press}
}

@article{ullman2012theory,
  title={Theory learning as stochastic search in the language of thought},
  author={Ullman, Tomer D and Goodman, Noah D and Tenenbaum, Joshua B},
  journal={Cognitive Development},
  volume={27},
  number={4},
  pages={455--480},
  year={2012},
  publisher={Elsevier}
}

@inproceedings{ellis2015unsupervised,
  title={Unsupervised Learning by Program Synthesis},
  author={Ellis, Kevin and Solar-Lezama, Armando and Tenenbaum, Josh},
  booktitle={Advances in Neural Information Processing Systems},
  pages={973--981},
  year={2015}
}

@article{piantadosi2012bootstrapping,
  title={Bootstrapping in a language of thought: A formal model of numerical concept learning},
  author={Piantadosi, Steven T and Tenenbaum, Joshua B and Goodman, Noah D},
  journal={Cognition},
  volume={123},
  number={2},
  pages={199--217},
  year={2012},
  publisher={Elsevier}
}



@book{manning1999foundations,
  title={Foundations of Statistical Natural Language Processing},
  author={Manning, C.D. and Sch{\"u}tze, H.},
  isbn={9780262133609},
  lccn={99021137},
  year={1999},
  publisher={MIT Press}
}

@article{westphal2012production,
  title={Production and perception rules underlying visual patterns: effects of symmetry and hierarchy},
  author={Westphal-Fitch, Gesche and Huber, Ludwig and G{\'o}mez, Juan Carlos and Fitch, W Tecumseh},
  journal={Philosophical Transactions of the Royal Society of London B: Biological Sciences},
  volume={367},
  number={1598},
  pages={2007--2022},
  year={2012},
  publisher={The Royal Society}
}


@article{machilsen2009role,
  title={The role of vertical mirror symmetry in visual shape detection},
  author={Machilsen, Bart and Pauwels, Maarten and Wagemans, Johan},
  journal={Journal of Vision},
  volume={9},
  number={12},
  pages={11--11},
  year={2009},
  publisher={The Association for Research in Vision and Ophthalmology}
}
@article{calude2002computing,
  title={Computing a glimpse of randomness},
  author={Calude, Cristian S and Dinneen, Michael J and Shu, Chi-Kou and others},
  journal={Experimental Mathematics},
  volume={11},
  number={3},
  pages={361--370},
  year={2002}
}

@article{landau1981spatial,
  title={Spatial knowledge and geometric representation in a child blind from birth},
  author={Landau, Barbara and Gleitman, Henry and Spelke, Elizabeth},
  journal={Science},
  volume={213},
  number={4513},
  pages={1275--1278},
  year={1981},
  publisher={American Association for the Advancement of Science}
}

@article{lee2012navigation,
  title={Navigation as a source of geometric knowledge: Young children’s use of length, angle, distance, and direction in a reorientation task},
  author={Lee, Sang Ah and Sovrano, Valeria A and Spelke, Elizabeth S},
  journal={Cognition},
  volume={123},
  number={1},
  pages={144--161},
  year={2012},
  publisher={Elsevier}
}

@article{dillon2013core,
  title={Core foundations of abstract geometry},
  author={Dillon, Moira R and Huang, Yi and Spelke, Elizabeth S},
  journal={Proceedings of the National Academy of Sciences},
  volume={110},
  number={35},
  pages={14191--14195},
  year={2013},
  publisher={National Acad Sciences}
}

@article{dillon2015core,
  title={Core geometry in perspective},
  author={Dillon, Moira R and Spelke, Elizabeth S},
  journal={Developmental science},
  volume={18},
  number={6},
  pages={894--908},
  year={2015},
  publisher={Wiley Online Library}
}

@article{dehaene2006core,
  title={Core knowledge of geometry in an Amazonian indigene group},
  author={Dehaene, Stanislas and Izard, V{\'e}ronique and Pica, Pierre and Spelke, Elizabeth},
  journal={Science},
  volume={311},
  number={5759},
  pages={381--384},
  year={2006},
  publisher={American Association for the Advancement of Science}
}

@article{izard2011geometry,
  title={Geometry as a universal mental construction},
  author={Izard, V{\'e}ronique and Pica, Pierre and Dehaene, Stanislas and Hinchey, Danielle and Spelke, ES},
  journal={Space, Time and Number in the Brain},
  volume={19},
  pages={319--332},
  year={2011},
  publisher={Citeseer}
}

@book{fodor1975language,
  title={The Language of Thought},
  author={Fodor, J.A.},
  isbn={9780674510302},
  lccn={75004843},
  series={Language and thought series},
  year={1975},
  publisher={Harvard University Press}
}

@article{zylberberg2011human,
  title={The human Turing machine: a neural framework for mental programs},
  author={Zylberberg, Ariel and Dehaene, Stanislas and Roelfsema, Pieter R and Sigman, Mariano},
  journal={Trends in cognitive sciences},
  volume={15},
  number={7},
  pages={293--300},
  year={2011},
  publisher={Elsevier}
}

@article{graziano2011parsing,
  title={Parsing a perceptual decision into a sequence of moments of thought},
  author={Graziano, Mart{\'\i}n and Polosecki, Pablo and Shalom, Diego Edgar and Sigman, Mariano},
  journal={Front Integr Neurosci},
  volume={5},
  pages={45--45},
  year={2011},
  publisher={Citeseer}
}
@article{romano2013language,
  title={$LT^2C^2$: A language of thought with {T}uring-computable {K}olmogorov complexity},
  author={Romano, Sergio and Sigman, Mariano and Figueira, Santiago},
  journal={Papers in Physics},
  volume={5},
  pages={050001},
  year={2013}
}



@article{chaitin1969length,
  title={On the length of programs for computing finite binary sequences: statistical considerations},
  author={Chaitin, Gregory J},
  journal={Journal of the ACM (JACM)},
  volume={16},
  number={1},
  pages={145--159},
  year={1969},
  publisher={ACM}
}

@article{levin1974laws,
  title={Laws of information conservation (nongrowth) and aspects of the foundation of probability theory},
  author={Levin, Leonid A},
  journal={Problemy Peredachi Informatsii},
  volume={10},
  number={3},
  pages={30--35},
  year={1974},
  publisher={Russian Academy of Sciences, Branch of Informatics, Computer Equipment and Automatization}
}

@inproceedings{johnson2007bayesian,
  title={Bayesian Inference for PCFGs via Markov Chain Monte Carlo.},
  author={Johnson, Mark and Griffiths, Thomas L and Goldwater, Sharon},
  booktitle={HLT-NAACL},
  pages={139--146},
  year={2007}
}

@article{geman1984stochastic,
  title={Stochastic relaxation, Gibbs distributions, and the Bayesian restoration of images},
  author={Geman, Stuart and Geman, Donald},
  journal={IEEE Transactions on Pattern Analysis and Machine Intelligence},
  volume={PAMI-6},
  number={6},
  pages={721--741},
  year={1984},
  doi={10.1109/TPAMI.1984.4767596},
  publisher={IEEE}
}


@article{goodman1998parsing,
  title={Parsing inside-out},
  author={Goodman, Joshua},
  journal={arXiv preprint cmp-lg/9805007},
  year={1998}
}

@book{li2013introduction,
  title={An introduction to Kolmogorov complexity and its applications},
  author={Li, Ming and Vit{\'a}nyi, Paul},
  year={2013},
  publisher={Springer Science \& Business Media}
}

@article{gauvrit2015algorithmic,
  title={Algorithmic complexity for psychology: A user-friendly implementation of the coding theorem method},
  author={Gauvrit, Nicolas and Singmann, Henrik and Soler-Toscano, Fernando and Zenil, Hector},
  journal={Behavior research methods},
  pages={1--16},
  year={2015},
  publisher={Springer}
}

@article{zenil2015two,
  title={Two-dimensional Kolmogorov complexity and an empirical validation of the Coding theorem method by compressibility},
  author={Zenil, Hector and Soler-Toscano, Fernando and Delahaye, Jean-Paul and Gauvrit, Nicolas},
  journal={PeerJ Computer Science},
  volume={1},
  pages={e23},
  year={2015},
  publisher={PeerJ Inc.}
}

@book{chomsky1986knowledge,
  title={Knowledge of language: Its nature, origin, and use},
  author={Chomsky, Noam},
  year={1986},
  publisher={Greenwood Publishing Group}
}

@article{marr1979computational,
  title={A computational theory of human stereo vision},
  author={Marr, David and Poggio, Tomaso},
  journal={Proceedings of the Royal Society of London. Series B. Biological Sciences},
  volume={204},
  number={1156},
  pages={301--328},
  year={1979},
  publisher={The Royal Society London}
}

@article{chomsky2006cognitive,
  title={On cognitive structures and their development: A reply to Piaget},
  author={Chomsky, Noam and others},
  journal={Philosophy of mind: Classical problems/contemporary issues},
  pages={751--755},
  year={2006},
  publisher={MIT Press Cambridge, MA}
}

@article{newell1980physical,
  title={Physical symbol systems},
  author={Newell, Allen},
  journal={Cognitive science},
  volume={4},
  number={2},
  pages={135--183},
  year={1980},
  publisher={Wiley Online Library}
}


@book{abelson1974logo,
  title={Logo manual},
  author={Abelson, Hal and Goodman, Nat and Rudolph, Lee},
  year={1974}
}


@article{chater2003simplicity,
  title={Simplicity: A unifying principle in cognitive science?},
  author={Chater, Nick and Vit{\'a}nyi, Paul},
  journal={Trends in cognitive sciences},
  volume={7},
  number={1},
  pages={19--22},
  year={2003},
  publisher={Elsevier}
}

@article{wallace1968information,
  title={An information measure for classification},
  author={Wallace, Chris S and Boulton, David M},
  journal={The Computer Journal},
  volume={11},
  number={2},
  pages={185--194},
  year={1968},
  publisher={The British Computer Society}
}

@article{rissanen1978modeling,
  title={Modeling by shortest data description},
  author={Rissanen, Jorma},
  journal={Automatica},
  volume={14},
  number={5},
  pages={465--471},
  year={1978},
  publisher={Elsevier}
}

@article{feldman2003simplicity,
  title={The simplicity principle in human concept learning},
  author={Feldman, Jacob},
  journal={Current Directions in Psychological Science},
  volume={12},
  number={6},
  pages={227--232},
  year={2003},
  publisher={SAGE Publications Sage CA: Los Angeles, CA}
}

@article{vigo2006note,
  title={A note on the complexity of Boolean concepts},
  author={Vigo, Ronaldo},
  journal={Journal of Mathematical Psychology},
  volume={50},
  number={5},
  pages={501--510},
  year={2006},
  publisher={Elsevier}
}

@article{griffiths2015rational,
  title={Rational use of cognitive resources: Levels of analysis between the computational and the algorithmic},
  author={Griffiths, Thomas L and Lieder, Falk and Goodman, Noah D},
  journal={Topics in cognitive science},
  volume={7},
  number={2},
  pages={217--229},
  year={2015},
  publisher={Wiley Online Library}
}

@article{piantadosi2016logical,
  title={The logical primitives of thought: Empirical foundations for compositional cognitive models.},
  author={Piantadosi, Steven T and Tenenbaum, Joshua B and Goodman, Noah D},
  journal={Psychological review},
  volume={123},
  number={4},
  pages={392},
  year={2016},
  publisher={American Psychological Association}
}

@article{kemp2012exploring,
  title={Exploring the conceptual universe.},
  author={Kemp, Charles},
  journal={Psychological review},
  volume={119},
  number={4},
  pages={685},
  year={2012},
  publisher={American Psychological Association}
}

@inproceedings{kemp2008theory,
  title={Theory acquisition and the language of thought},
  author={Kemp, Charles and Goodman, Noah D and Tenenbaum, Joshua B},
  year={2008},
  organization={Cognitive Science Society}
}

@article{leeuwenberg1971perceptual,
  title={A perceptual coding language for visual and auditory patterns},
  author={Leeuwenberg, Emanuel},
  journal={The American Journal of Psychology},
  pages={307--349},
  year={1971},
  publisher={JSTOR}
}

@article{everett2005cultural,
  title={Cultural constraints on grammar and cognition in Pirah{\~a}: Another look at the design features of human language},
  author={Everett, DanielL and Berlin, Brent and Gonalves, MarcoAntonio and Kay, Paul and Levinson, StephenC and Pawley, Andrew and Surralls, Alexandre and Tomasello, Michael and Wierzbicka, Anna and Everett, DanielL},
  journal={Current anthropology},
  volume={46},
  number={4},
  pages={621--646},
  year={2005},
  publisher={The University of Chicago Press}
}

@article{majid2004can,
  title={Can language restructure cognition? The case for space},
  author={Majid, Asifa and Bowerman, Melissa and Kita, Sotaro and Haun, Daniel BM and Levinson, Stephen C},
  journal={Trends in cognitive sciences},
  volume={8},
  number={3},
  pages={108--114},
  year={2004},
  publisher={Elsevier}
}

@article{amalric2017language,
  title={The language of geometry: Fast comprehension of geometrical primitives and rules in human adults and preschoolers},
  author={Amalric, Marie and Wang, Liping and Pica, Pierre and Figueira, Santiago and Sigman, Mariano and Dehaene, Stanislas},
  journal={PLoS computational biology},
  volume={13},
  number={1},
  pages={e1005273},
  year={2017},
  publisher={Public Library of Science}
}

@inproceedings{piantadosi2010beyond,
  title={Beyond Boolean logic: exploring representation languages for learning complex concepts},
  author={Piantadosi, Steven and Tenenbaum, Joshua and Goodman, Noah},
  booktitle={Proceedings of the Annual Meeting of the Cognitive Science Society},
  volume={32},
  number={32},
  year={2010}
}

@article{redington2002knowledge,
  title={Knowledge representation and transfer in},
  author={Redington, Martin and Chater, Nick},
  journal={Implicit learning and consciousness: An empirical, philosophical and computational consensus in the making},
  pages={121},
  year={2002},
  publisher={Psychology Press}
}

@article{yildirim2015learning,
  title={Learning multisensory representations for auditory-visual transfer of sequence category knowledge: a probabilistic language of thought approach},
  author={Yildirim, Ilker and Jacobs, Robert A},
  journal={Psychonomic bulletin \& review},
  volume={22},
  number={3},
  pages={673--686},
  year={2015},
  publisher={Springer}
}

@article{lupyan2007language,
  title={Language is not just for talking: Redundant labels facilitate learning of novel categories},
  author={Lupyan, Gary and Rakison, David H and McClelland, James L},
  journal={Psychological science},
  volume={18},
  number={12},
  pages={1077--1083},
  year={2007},
  publisher={SAGE Publications Sage CA: Los Angeles, CA}
}


@article{anderson1986knowledge,
  title={Knowledge compilation: The general learning mechanism},
  author={Anderson, John R},
  journal={Machine learning: An artificial intelligence approach},
  volume={2},
  pages={289--310},
  year={1986},
  publisher={Morgan Kaufman Los Altos, CA}
}

@article{anderson1996act,
  title={ACT: A simple theory of complex cognition.},
  author={Anderson, John R},
  journal={American Psychologist},
  volume={51},
  number={4},
  pages={355},
  year={1996},
  publisher={American Psychological Association}
}

@article{laird1986chunking,
  title={Chunking in Soar: The anatomy of a general learning mechanism},
  author={Laird, John E and Rosenbloom, Paul S and Newell, Allen},
  journal={Machine learning},
  volume={1},
  number={1},
  pages={11--46},
  year={1986},
  publisher={Springer}
}

@article{minton1989explanation,
  title={Explanation-based learning: A problem solving perspective},
  author={Minton, Steven and Carbonell, Jaime G and Knoblock, Craig A and Kuokka, Daniel R and Etzioni, Oren and Gil, Yolanda},
  journal={Artificial Intelligence},
  volume={40},
  number={1-3},
  pages={63--118},
  year={1989},
  publisher={Elsevier}
}

@book{minsky1967computation,
  title={Computation: finite and infinite machines},
  author={Minsky, Marvin L},
  year={1967},
  publisher={Prentice-Hall, Inc.}
}

@article{murphy1988comprehending,
  title={Comprehending complex concepts},
  author={Murphy, Gregory L},
  journal={Cognitive science},
  volume={12},
  number={4},
  pages={529--562},
  year={1988},
  publisher={Wiley Online Library}
}

@article{lake2015human,
  title={Human-level concept learning through probabilistic program induction},
  author={Lake, Brenden M and Salakhutdinov, Ruslan and Tenenbaum, Joshua B},
  journal={Science},
  volume={350},
  number={6266},
  pages={1332--1338},
  year={2015},
  publisher={American Association for the Advancement of Science}
}

@inproceedings{dechter2013bootstrap,
  title={Bootstrap Learning via Modular Concept Discovery.},
  author={Dechter, Eyal and Malmaud, Jonathan and Adams, Ryan P and Tenenbaum, Joshua B},
  booktitle={IJCAI},
  pages={1302--1309},
  year={2013}
}

@inproceedings{liang2010learning,
  title={Learning programs: A hierarchical Bayesian approach},
  author={Liang, Percy and Jordan, Michael I and Klein, Dan},
  booktitle={Proceedings of the 27th International Conference on Machine Learning (ICML-10)},
  pages={639--646},
  year={2010}
}


@article{lecun2015deep,
  title={Deep learning},
  author={LeCun, Yann and Bengio, Yoshua and Hinton, Geoffrey},
  journal={nature},
  volume={521},
  number={7553},
  pages={436},
  year={2015},
  publisher={Nature Publishing Group}
}

@inproceedings{tversky1997cognitive,
  title={Cognitive principles of graphic displays},
  author={Tversky, Barbara},
  year={1997},
  organization={Association for the Advancement of Artificial Intelligence Workshop on Diagrammatic Reasoning. Cambridge, MANovember}
}


@article{shepard1961learning,
  title={Learning and memorization of classifications.},
  author={Shepard, Roger N and Hovland, Carl I and Jenkins, Herbert M},
  journal={Psychological monographs: General and applied},
  volume={75},
  number={13},
  pages={1},
  year={1961},
  publisher={American Psychological Association}
}


@article{denison2013rational,
  title={Rational variability in children’s causal inferences: The sampling hypothesis},
  author={Denison, Stephanie and Bonawitz, Elizabeth and Gopnik, Alison and Griffiths, Thomas L},
  journal={Cognition},
  volume={126},
  number={2},
  pages={285--300},
  year={2013},
  publisher={Elsevier}
}

@article{schyns1998development,
  title={The development of features in object concepts},
  author={Schyns, Philippe G and Goldstone, Robert L and Thibaut, Jean-Pierre},
  journal={Behavioral and brain Sciences},
  volume={21},
  number={1},
  pages={1--17},
  year={1998},
  publisher={Cambridge University Press}
}

@article{russell2002artificial,
  title={Artificial intelligence: a modern approach},
  author={Russell, Stuart and Norvig, Peter},
  year={2002}
}

@article{carey2014learning,
  title={On learning new primitives in the language of thought: Reply to Rey},
  author={Carey, Susan},
  journal={Mind \& Language},
  volume={29},
  number={2},
  pages={133--166},
  year={2014},
  publisher={Wiley Online Library}
}

@article{russell1991principles,
  title={Principles of metareasoning},
  author={Russell, Stuart and Wefald, Eric},
  journal={Artificial intelligence},
  volume={49},
  number={1-3},
  pages={361--395},
  year={1991},
  publisher={Elsevier}
}

@inproceedings{lieder2014algorithm,
  title={Algorithm selection by rational metareasoning as a model of human strategy selection},
  author={Lieder, Falk and Plunkett, Dillon and Hamrick, Jessica B and Russell, Stuart J and Hay, Nicholas and Griffiths, Tom},
  booktitle={Advances in neural information processing systems},
  pages={2870--2878},
  year={2014}
}

@article{griffiths2015rational,
  title={Rational use of cognitive resources: Levels of analysis between the computational and the algorithmic},
  author={Griffiths, Thomas L and Lieder, Falk and Goodman, Noah D},
  journal={Topics in cognitive science},
  volume={7},
  number={2},
  pages={217--229},
  year={2015},
  publisher={Wiley Online Library}
}

@article{shenhav2017toward,
  title={Toward a rational and mechanistic account of mental effort},
  author={Shenhav, Amitai and Musslick, Sebastian and Lieder, Falk and Kool, Wouter and Griffiths, Thomas L and Cohen, Jonathan D and Botvinick, Matthew M},
  journal={Annual review of neuroscience},
  volume={40},
  pages={99--124},
  year={2017},
  publisher={Annual Reviews}
}

@article{gershman2015computational,
  title={Computational rationality: A converging paradigm for intelligence in brains, minds, and machines},
  author={Gershman, Samuel J and Horvitz, Eric J and Tenenbaum, Joshua B},
  journal={Science},
  volume={349},
  number={6245},
  pages={273--278},
  year={2015},
  publisher={American Association for the Advancement of Science}
}

@article{mathews1989role,
  title={Role of implicit and explicit processes in learning from examples: A synergistic effect.},
  author={Mathews, Robert C and Buss, Ray R and Stanley, William B and Blanchard-Fields, Fredda and Cho, Jeung Ryeul and Druhan, Barry},
  journal={Journal of Experimental Psychology: Learning, Memory, and Cognition},
  volume={15},
  number={6},
  pages={1083},
  year={1989},
  publisher={American Psychological Association}
}

@article{reber1989implicit,
  title={Implicit learning and tacit knowledge.},
  author={Reber, Arthur S},
  journal={Journal of experimental psychology: General},
  volume={118},
  number={3},
  pages={219},
  year={1989},
  publisher={US: American Psychological Association}
}

@article{pothos2007theories,
  title={Theories of artificial grammar learning.},
  author={Pothos, Emmanuel M},
  journal={Psychological bulletin},
  volume={133},
  number={2},
  pages={227},
  year={2007},
  publisher={American Psychological Association}
}

@article{marcus1999rule,
  title={Rule learning by seven-month-old infants},
  author={Marcus, Gary F and Vijayan, Sugumaran and Rao, S Bandi and Vishton, Peter M},
  journal={Science},
  volume={283},
  number={5398},
  pages={77--80},
  year={1999},
  publisher={American Association for the Advancement of Science}
}

@book{cleeremans2013implicit,
  title={Implicit learning and consciousness: An empirical, philosophical and computational consensus in the making},
  author={Cleeremans, Axel and French, Robert},
  year={2013},
  publisher={Psychology Press}
}

@article{gelman2009learning,
  title={Learning from others: Children's construction of concepts},
  author={Gelman, Susan A},
  journal={Annual review of psychology},
  volume={60},
  pages={115--140},
  year={2009},
  publisher={Annual Reviews}
}

@article{marti2018certainty,
  title={Certainty is Primarily Determined by Past Performance during Concept},
  author={Mart{\i}, Louis and Mollica, Francis and Piantadosi, Steven and Kidd, Celeste},
  year={2018}
}

@book{gentner2003language,
  title={Language in mind: Advances in the study of language and thought},
  author={Gentner, Dedre and Goldin-Meadow, Susan},
  year={2003},
  publisher={MIT press}
}

@article{harlow1949formation,
  title={The formation of learning sets.},
  author={Harlow, Harry F},
  journal={Psychological review},
  volume={56},
  number={1},
  pages={51},
  year={1949},
  publisher={American Psychological Association}
}

@article{braun2010structure,
  title={Structure learning in action},
  author={Braun, Daniel A and Mehring, Carsten and Wolpert, Daniel M},
  journal={Behavioural brain research},
  volume={206},
  number={2},
  pages={157--165},
  year={2010},
  publisher={Elsevier}
}

@article{kornell2007transfer,
  title={Transfer of metacognitive skills and hint seeking in monkeys},
  author={Kornell, Nate and Son, Lisa K and Terrace, Herbert S},
  journal={Psychological Science},
  volume={18},
  number={1},
  pages={64--71},
  year={2007},
  publisher={SAGE Publications Sage CA: Los Angeles, CA}
}

@article{xiao2008complete,
  title={Complete transfer of perceptual learning across retinal locations enabled by double training},
  author={Xiao, Lu-Qi and Zhang, Jun-Yun and Wang, Rui and Klein, Stanley A and Levi, Dennis M and Yu, Cong},
  journal={Current Biology},
  volume={18},
  number={24},
  pages={1922--1926},
  year={2008},
  publisher={Elsevier}
}

@article{kemp2010learning,
  title={Learning to learn causal models},
  author={Kemp, Charles and Goodman, Noah D and Tenenbaum, Joshua B},
  journal={Cognitive Science},
  volume={34},
  number={7},
  pages={1185--1243},
  year={2010},
  publisher={Wiley Online Library}
}

@incollection{gick1987cognitive,
  title={The cognitive basis of knowledge transfer},
  author={Gick, Mary L and Holyoak, Keith J},
  booktitle={Transfer of learning: Contemporary research and applications},
  pages={9--46},
  year={1987},
  publisher={Elsevier}
}

@article{barlow1961possible,
  title={Possible principles underlying the transformations of sensory messages},
  author={Barlow, Horace B},
  year={1961},
  publisher={MIT press}
}

@article{atick1992could,
  title={Could information theory provide an ecological theory of sensory processing?},
  author={Atick, Joseph J},
  journal={Network: Computation in neural systems},
  volume={3},
  number={2},
  pages={213--251},
  year={1992},
  publisher={Taylor \& Francis}
}

@book{davis1994computability,
  title={Computability, complexity, and languages: fundamentals of theoretical computer science},
  author={Davis, Martin and Sigal, Ron and Weyuker, Elaine J},
  year={1994},
  publisher={Elsevier}
}

@article{botvinick2015reinforcement,
  title={Reinforcement learning, efficient coding, and the statistics of natural tasks},
  author={Botvinick, Matthew and Weinstein, Ari and Solway, Alec and Barto, Andrew},
  journal={Current Opinion in Behavioral Sciences},
  volume={5},
  pages={71--77},
  year={2015},
  publisher={Elsevier}
}

@book{vapnik2013nature,
  title={The nature of statistical learning theory},
  author={Vapnik, Vladimir},
  year={2013},
  publisher={Springer science \& business media}
}

@article{murphy2008rule,
  title={Rule learning by rats},
  author={Murphy, Robin A and Mondrag{\'o}n, Esther and Murphy, Victoria A},
  journal={Science},
  volume={319},
  number={5871},
  pages={1849--1851},
  year={2008},
  publisher={American Association for the Advancement of Science}
}

@article{giurfa2001concepts,
  title={The concepts of ‘sameness’ and ‘difference’in an insect},
  author={Giurfa, Martin and Zhang, Shaowu and Jenett, Arnim and Menzel, Randolf and Srinivasan, Mandyam V},
  journal={Nature},
  volume={410},
  number={6831},
  pages={930},
  year={2001},
  publisher={Nature Publishing Group}
}

@article{mackintosh1969intradimensional,
  title={Intradimensional and extradimensional shift learning by pigeons},
  author={Mackintosh, NJ and Little, Lydia},
  journal={Psychonomic Science},
  volume={14},
  number={1},
  pages={5--6},
  year={1969},
  publisher={Springer}
}

@article{brown1988preschool,
  title={Preschool children can learn to transfer: Learning to learn and learning from example},
  author={Brown, Ann L and Kane, Mary Jo},
  journal={Cognitive Psychology},
  volume={20},
  number={4},
  pages={493--523},
  year={1988},
  publisher={Elsevier}
}

@article{halford1998induction,
  title={Induction of relational schemas: Common processes in reasoning and complex learning},
  author={Halford, Graeme S and Bain, John D and Maybery, Murray T and Andrews, Glenda},
  journal={Cognitive psychology},
  volume={35},
  number={3},
  pages={201--245},
  year={1998},
  publisher={Elsevier}
}

@article{michel2007parameter,
  title={Parameter learning but not structure learning: a Bayesian network model of constraints on early perceptual learning},
  author={Michel, Melchi M and Jacobs, Robert A},
  journal={Journal of Vision},
  volume={7},
  number={1},
  pages={4--4},
  year={2007},
  publisher={The Association for Research in Vision and Ophthalmology}
}

@article{wang2018prefrontal,
  title={Prefrontal cortex as a meta-reinforcement learning system},
  author={Wang, Jane X and Kurth-Nelson, Zeb and Kumaran, Dharshan and Tirumala, Dhruva and Soyer, Hubert and Leibo, Joel Z and Hassabis, Demis and Botvinick, Matthew},
  journal={Nature neuroscience},
  volume={21},
  number={6},
  pages={860},
  year={2018},
  publisher={Nature Publishing Group}
}

@article{lake2017building,
  title={Building machines that learn and think like people},
  author={Lake, Brenden M and Ullman, Tomer D and Tenenbaum, Joshua B and Gershman, Samuel J},
  journal={Behavioral and Brain Sciences},
  volume={40},
  year={2017},
  publisher={Cambridge University Press}
}

@article{botvinick2017building,
  title={Building machines that learn and think for themselves: Commentary on lake et al., behavioral and brain sciences, 2017},
  author={Botvinick, Matthew and Barrett, David GT and Battaglia, Peter and de Freitas, Nando and Kumaran, Dharshan and Leibo, Joel Z and Lillicrap, Tim and Modayil, Joseph and Mohamed, S and Rabinowitz, Neil C and others},
  journal={arXiv preprint arXiv:1711.08378},
  year={2017}
}

@article{kruschke1996dimensional,
  title={Dimensional relevance shifts in category learning},
  author={Kruschke, John K},
  journal={Connection Science},
  volume={8},
  number={2},
  pages={225--248},
  year={1996},
  publisher={Taylor \& Francis}
}

@article{blair2009extremely,
  title={Extremely selective attention: Eye-tracking studies of the dynamic allocation of attention to stimulus features in categorization.},
  author={Blair, Mark R and Watson, Marcus R and Walshe, R Calen and Maj, Fillip},
  journal={Journal of Experimental Psychology: Learning, Memory, and Cognition},
  volume={35},
  number={5},
  pages={1196},
  year={2009},
  publisher={American Psychological Association}
}

@article{higgins2017darla,
  title={Darla: Improving zero-shot transfer in reinforcement learning},
  author={Higgins, Irina and Pal, Arka and Rusu, Andrei A and Matthey, Loic and Burgess, Christopher P and Pritzel, Alexander and Botvinick, Matthew and Blundell, Charles and Lerchner, Alexander},
  journal={arXiv preprint arXiv:1707.08475},
  year={2017}
}

@article{bengio2013representation,
  title={Representation learning: A review and new perspectives},
  author={Bengio, Yoshua and Courville, Aaron and Vincent, Pascal},
  journal={IEEE transactions on pattern analysis and machine intelligence},
  volume={35},
  number={8},
  pages={1798--1828},
  year={2013},
  publisher={IEEE}
}

@article{tenenbaum2011grow,
  title={How to grow a mind: Statistics, structure, and abstraction},
  author={Tenenbaum, Joshua B and Kemp, Charles and Griffiths, Thomas L and Goodman, Noah D},
  journal={science},
  volume={331},
  number={6022},
  pages={1279--1285},
  year={2011},
  publisher={American Association for the Advancement of Science}
}

@article{behrens2007learning,
  title={Learning the value of information in an uncertain world},
  author={Behrens, Timothy EJ and Woolrich, Mark W and Walton, Mark E and Rushworth, Matthew FS},
  journal={Nature neuroscience},
  volume={10},
  number={9},
  pages={1214},
  year={2007},
  publisher={Nature Publishing Group}
}

@article{ernst2002humans,
  title={Humans integrate visual and haptic information in a statistically optimal fashion},
  author={Ernst, Marc O and Banks, Martin S},
  journal={Nature},
  volume={415},
  number={6870},
  pages={429},
  year={2002},
  publisher={Nature Publishing Group}
}

@article{frank2011mechanisms,
  title={Mechanisms of hierarchical reinforcement learning in corticostriatal circuits 1: computational analysis},
  author={Frank, Michael J and Badre, David},
  journal={Cerebral cortex},
  volume={22},
  number={3},
  pages={509--526},
  year={2011},
  publisher={Oxford University Press}
}

@article{wilson2012inferring,
  title={Inferring relevance in a changing world},
  author={Wilson, Robert C and Niv, Yael},
  journal={Frontiers in human neuroscience},
  volume={5},
  pages={189},
  year={2012},
  publisher={Frontiers}
}

@article{niv2015reinforcement,
  title={Reinforcement learning in multidimensional environments relies on attention mechanisms},
  author={Niv, Yael and Daniel, Reka and Geana, Andra and Gershman, Samuel J and Leong, Yuan Chang and Radulescu, Angela and Wilson, Robert C},
  journal={Journal of Neuroscience},
  volume={35},
  number={21},
  pages={8145--8157},
  year={2015},
  publisher={Soc Neuroscience}
}

@article{badre2010frontal,
  title={Frontal cortex and the discovery of abstract action rules},
  author={Badre, David and Kayser, Andrew S and D'Esposito, Mark},
  journal={Neuron},
  volume={66},
  number={2},
  pages={315--326},
  year={2010},
  publisher={Elsevier}
}

@article{collins2013cognitive,
  title={Cognitive control over learning: Creating, clustering, and generalizing task-set structure.},
  author={Collins, Anne GE and Frank, Michael J},
  journal={Psychological review},
  volume={120},
  number={1},
  pages={190},
  year={2013},
  publisher={American Psychological Association}
}

@inproceedings{angela2009sequential,
  title={Sequential effects: superstition or rational behavior?},
  author={Angela, J Yu and Cohen, Jonathan D},
  booktitle={Advances in neural information processing systems},
  pages={1873--1880},
  year={2009}
}

@article{collins2017cost,
  title={The cost of structure learning},
  author={Collins, Anne GE},
  journal={Journal of cognitive neuroscience},
  volume={29},
  number={10},
  pages={1646--1655},
  year={2017},
  publisher={MIT Press}
}

@article{werchan20158,
  title={8-month-old infants spontaneously learn and generalize hierarchical rules},
  author={Werchan, Denise M and Collins, Anne GE and Frank, Michael J and Amso, Dima},
  journal={Psychological science},
  volume={26},
  number={6},
  pages={805--815},
  year={2015},
  publisher={Sage Publications Sage CA: Los Angeles, CA}
}

@article{bankson2018temporal,
  title={The temporal evolution of conceptual object representations revealed through models of behavior, semantics and deep neural networks},
  author={Bankson, Brett B and Hebart, Martin N and Groen, Iris IA and Baker, Chris I},
  journal={NeuroImage},
  volume={178},
  pages={172--182},
  year={2018},
  publisher={Elsevier}
}

@article{clarke2012perception,
  title={From perception to conception: how meaningful objects are processed over time},
  author={Clarke, Alex and Taylor, Kirsten I and Devereux, Barry and Randall, Billi and Tyler, Lorraine K},
  journal={Cerebral Cortex},
  volume={23},
  number={1},
  pages={187--197},
  year={2012},
  publisher={Oxford University Press}
}

@article{isik2013dynamics,
  title={The dynamics of invariant object recognition in the human visual system},
  author={Isik, Leyla and Meyers, Ethan M and Leibo, Joel Z and Poggio, Tomaso},
  journal={Journal of neurophysiology},
  volume={111},
  number={1},
  pages={91--102},
  year={2013},
  publisher={American Physiological Society Bethesda, MD}
}

@article{balaguer2016neural,
  title={Neural mechanisms of hierarchical planning in a virtual subway network},
  author={Balaguer, Jan and Spiers, Hugo and Hassabis, Demis and Summerfield, Christopher},
  journal={Neuron},
  volume={90},
  number={4},
  pages={893--903},
  year={2016},
  publisher={Elsevier}
}

@article{ribas2011neural,
  title={A neural signature of hierarchical reinforcement learning},
  author={Ribas-Fernandes, Jose JF and Solway, Alec and Diuk, Carlos and McGuire, Joseph T and Barto, Andrew G and Niv, Yael and Botvinick, Matthew M},
  journal={Neuron},
  volume={71},
  number={2},
  pages={370--379},
  year={2011},
  publisher={Elsevier}
}

@article{carvalho2015you,
  title={What you learn is more than what you see: what can sequencing effects tell us about inductive category learning?},
  author={Carvalho, Paulo F and Goldstone, Robert L},
  journal={Frontiers in psychology},
  volume={6},
  pages={505},
  year={2015},
  publisher={Frontiers}
}

@article{flesch2018focused,
  title={Focused learning promotes continual task performance in humans},
  author={Flesch, Timo and Balaguer, Jan and Dekker, Ronald and Nili, Hamed and Summerfield, Christopher},
  journal={bioRxiv},
  pages={247460},
  year={2018},
  publisher={Cold Spring Harbor Laboratory}
}

@article{carvalho2014putting,
  title={Putting category learning in order: Category structure and temporal arrangement affect the benefit of interleaved over blocked study},
  author={Carvalho, Paulo F and Goldstone, Robert L},
  journal={Memory \& cognition},
  volume={42},
  number={3},
  pages={481--495},
  year={2014},
  publisher={Springer}
}

@article{dewar2010induction,
  title={Induction, overhypothesis, and the origin of abstract knowledge: Evidence from 9-month-old infants},
  author={Dewar, Kathryn M and Xu, Fei},
  journal={Psychological Science},
  volume={21},
  number={12},
  pages={1871--1877},
  year={2010},
  publisher={Sage Publications Sage CA: Los Angeles, CA}
}

@article{carey2011precis,
  title={Precis of the origin of concepts},
  author={Carey, Susan},
  journal={Behavioral and Brain Sciences},
  volume={34},
  number={3},
  pages={113--124},
  year={2011},
  publisher={Cambridge University Press}
}

@article{rule2018learning,
  title={Learning list concepts through program induction},
  author={Rule, Joshua and Schulz, Eric and Piantadosi, Steven T and Tenenbaum, Joshua B},
  journal={bioRxiv},
  pages={321505},
  year={2018},
  publisher={Cold Spring Harbor Laboratory}
}

@article{smith2002object,
  title={Object name learning provides on-the-job training for attention},
  author={Smith, Linda B and Jones, Susan S and Landau, Barbara and Gershkoff-Stowe, Lisa and Samuelson, Larissa},
  journal={Psychological Science},
  volume={13},
  number={1},
  pages={13--19},
  year={2002},
  publisher={SAGE Publications Sage CA: Los Angeles, CA}
}


@techreport{goodman2014concepts,
  title={Concepts in a probabilistic language of thought},
  author={Goodman, Noah D and Tenenbaum, Joshua B and Gerstenberg, Tobias},
  year={2014},
  institution={Center for Brains, Minds and Machines (CBMM)}
}

@article{ashby2005human,
  title={Human category learning},
  author={Ashby, F Gregory and Maddox, W Todd},
  journal={Annu. Rev. Psychol.},
  volume={56},
  pages={149--178},
  year={2005},
  publisher={Annual Reviews}
}

@article{tano2018learning,
  title={Towards a more flexible Language of Thought: Bayesian grammar updates after each concept exposure},
  author={Tano, Pablo and Romano, Sergio and Sigman, Mariano and Salles, Alejo and Figueira, Santiago},
  journal={arXiv preprint arXiv:1805.06924},
  year={2018}
}

@article{romano2018bayesian,
  title={Bayesian validation of grammar productions for the language of thought},
  author={Romano, Sergio and Salles, Alejo and Amalric, Marie and Dehaene, Stanislas and Sigman, Mariano and Figueira, Santiago},
  journal={PloS one},
  volume={13},
  number={7},
  year={2018},
  publisher={Public Library of Science}
}


@article{xu2007word,
  title={Word learning as Bayesian inference.},
  author={Xu, Fei and Tenenbaum, Joshua B},
  journal={Psychological review},
  volume={114},
  number={2},
  pages={245},
  year={2007},
  publisher={American Psychological Association}
}

@article{blair2003easy,
  title={As easy to memorize as they are to classify: The 5--4 categories and the category advantage},
  author={Blair, Mark and Homa, Don},
  journal={Memory \& Cognition},
  volume={31},
  number={8},
  pages={1293--1301},
  year={2003},
  publisher={Springer}
}

@article{minda2001prototypes,
  title={Prototypes in category learning: the effects of category size, category structure, and stimulus complexity.},
  author={Minda, John Paul and Smith, J David},
  journal={Journal of Experimental Psychology: Learning, Memory, and Cognition},
  volume={27},
  number={3},
  pages={775},
  year={2001},
  publisher={American Psychological Association}
}

@book{cohen2005handbook,
  title={Handbook of categorization in cognitive science},
  author={Cohen, Henri and Lefebvre, Claire},
  year={2005},
  publisher={Elsevier}
}

@article{ashby2011human,
  title={Human category learning 2.0},
  author={Ashby, F Gregory and Maddox, W Todd},
  journal={Annals of the New York Academy of Sciences},
  volume={1224},
  pages={147},
  year={2011},
  publisher={NIH Public Access}
}

@article{maddox1993comparing,
  title={Comparing decision bound and exemplar models of categorization},
  author={Maddox, W Todd and Ashby, F Gregory},
  journal={Perception \& psychophysics},
  volume={53},
  number={1},
  pages={49--70},
  year={1993},
  publisher={Springer}
}

@article{nosofsky1994rule,
  title={Rule-plus-exception model of classification learning.},
  author={Nosofsky, Robert M and Palmeri, Thomas J and McKinley, Stephen C},
  journal={Psychological review},
  volume={101},
  number={1},
  pages={53},
  year={1994},
  publisher={American Psychological Association}
}

@article{nosofsky1994comparing,
  title={Comparing modes of rule-based classification learning: A replication and extension of Shepard, Hovland, and Jenkins (1961)},
  author={Nosofsky, Robert M and Gluck, Mark A and Palmeri, Thomas J and McKinley, Stephen C and Glauthier, Paul},
  journal={Memory \& cognition},
  volume={22},
  number={3},
  pages={352--369},
  year={1994},
  publisher={Springer}
}

@article{rehder2005eyetracking,
  title={Eyetracking and selective attention in category learning},
  author={Rehder, Bob and Hoffman, Aaron B},
  journal={Cognitive psychology},
  volume={51},
  number={1},
  pages={1--41},
  year={2005},
  publisher={Elsevier}
}

@article{lewandowsky2011working,
  title={Working memory capacity and categorization: individual differences and modeling.},
  author={Lewandowsky, Stephan},
  journal={Journal of Experimental Psychology: Learning, Memory, and Cognition},
  volume={37},
  number={3},
  pages={720},
  year={2011},
  publisher={American Psychological Association}
}


@article{kim2011prior,
  title={How prior knowledge affects selective attention during category learning: An eyetracking study},
  author={Kim, ShinWoo and Rehder, Bob},
  journal={Memory \& cognition},
  volume={39},
  number={4},
  pages={649--665},
  year={2011},
  publisher={Springer}
}

@article{crump2013evaluating,
  title={Evaluating {A}mazon's {M}echanical {T}urk as a tool for experimental behavioral research},
  author={Crump, Matthew JC and McDonnell, John V and Gureckis, Todd M},
  journal={PloS one},
  volume={8},
  number={3},
  pages={e57410},
  year={2013},
  publisher={Public Library of Science}
}

@inproceedings{dechter2013bootstrap,
  title={Bootstrap learning via modular concept discovery},
  author={Dechter, Eyal and Malmaud, Jon and Adams, Ryan P and Tenenbaum, Joshua B},
  booktitle={Twenty-Third International Joint Conference on Artificial Intelligence},
  year={2013}
}

@article{hahn1998similarity,
  title={Similarity and rules: distinct? exhaustive? empirically distinguishable?},
  author={Hahn, Ulrike and Chater, Nick},
  journal={Cognition},
  volume={65},
  number={2-3},
  pages={197--230},
  year={1998},
  publisher={Elsevier}
}


@article{buhrmester2011amazon,
  title={{A}mazon's {M}echanical {T}urk: A new source of inexpensive, yet high-quality, data?},
  author={Buhrmester, Michael and Kwang, Tracy and Gosling, Samuel D},
  journal={Perspectives on psychological science},
  volume={6},
  number={1},
  pages={3--5},
  year={2011},
  publisher={Sage Publications Sage CA: Los Angeles, CA}
}

@article{stewart2015average,
  title={The average laboratory samples a population of 7,300 {A}mazon {M}echanical {T}urk workers},
  author={Stewart, Neil and Ungemach, Christoph and Harris, Adam JL and Bartels, Daniel M and Newell, Ben R and Paolacci, Gabriele and Chandler, Jesse and others},
  journal={Judgment and Decision making},
  volume={10},
  number={5},
  pages={479--491},
  year={2015},
  publisher={Society for Judgment and Decision Making}
}

@book{wilson2001encyclopedia,
  title={The MIT encyclopedia of the cognitive sciences},
  author={Wilson, Robert Andrew and Keil, Frank C},
  year={2001},
  publisher={MIT press}
}

@book{grunwald2007minimum,
  title={The minimum description length principle},
  author={Gr{\"u}nwald, Peter D and Grunwald, Abhijit},
  year={2007},
  publisher={MIT press}
}

@article{frensch1998learning,
  title={Learning versus behavioral expression of the learned: The effects of a secondary tone-counting task on implicit learning in the serial reaction task},
  author={Frensch, Peter A and Lin, Jennifer and Buchner, Axel},
  journal={Psychological research},
  volume={61},
  number={2},
  pages={83--98},
  year={1998},
  publisher={Springer}
}



@article{bourne1970knowing,
  title={Knowing and using concepts.},
  author={Bourne, Lyle E},
  journal={Psychological Review},
  volume={77},
  number={6},
  pages={546},
  year={1970},
  publisher={American Psychological Association}
}



@article{tano2020towards,
  title = {Towards a more flexible language of thought: Bayesian grammar updates after each concept exposure},
  author = {Tano, Pablo and Romano, Sergio and Sigman, Mariano and Salles, Alejo and Figueira, Santiago},
  journal = {Phys. Rev. E},
  volume = {101},
  issue = {4},
  pages = {042128},
  numpages = {8},
  year = {2020},
  month = {Apr},
  publisher = {American Physical Society},
  doi = {10.1103/PhysRevE.101.042128},
  url = {https://link.aps.org/doi/10.1103/PhysRevE.101.042128}
}



@article{anson2018taking,
  title={Taking the time? Explaining effortful participation among low-cost online survey participants},
  author={Anson, Ian G},
  journal={Research \& Politics},
  volume={5},
  number={3},
  pages={2053168018785483},
  year={2018},
  publisher={SAGE Publications Sage UK: London, England}
}


@article{luchins1942mechanization,
  title={Mechanization in problem solving: The effect of Einstellung.},
  author={Luchins, Abraham S},
  journal={Psychological monographs},
  volume={54},
  number={6},
  pages={i},
  year={1942},
  publisher={American Psychological Association}
}

@article{kruschke2000blocking,
  title={Blocking and backward blocking involve learned inattention},
  author={Kruschke, John K and Blair, Nathaniel J},
  journal={Psychonomic Bulletin \& Review},
  volume={7},
  number={4},
  pages={636--645},
  year={2000},
  publisher={Springer}
}

@incollection{wagner1970stimulus,
  title={Stimulus Selection and A “Modified Continuity Theoryrdquo},
  author={Wagner, Allan R},
  booktitle={Psychology of learning and motivation},
  volume={3},
  pages={1--41},
  year={1970},
  publisher={Elsevier}
}

@article{mackintosh1975theory,
  title={A theory of attention: Variations in the associability of stimuli with reinforcement.},
  author={Mackintosh, Nicholas J},
  journal={Psychological review},
  volume={82},
  number={4},
  pages={276},
  year={1975},
  publisher={American Psychological Association}
}

@incollection{rescorlaw72,
  added-at = {2011-05-09T23:10:52.000+0200},
  address = {New York},
  author = {Rescorla, Robert A. and Wagner, A. R.},
booktitle = {Classical conditioning {II}: {C}urrent research and theory},
  editor = {Black, A. H. and Prokasy, W. F.},
  pages = {64-99},
  publisher = {Appleton-Century-Crofts},
  title = {A theory of {P}avlovian conditioning: Variations on the effectiveness of reinforcement and non-reinforcement},
  year = 1972
}

@article{chapman1990cue,
  title={Cue interaction in human contingency judgment},
  author={Chapman, Gretchen B and Robbins, Steven J},
  journal={Memory \& Cognition},
  volume={18},
  number={5},
  pages={537--545},
  year={1990},
  publisher={Springer}
}

@article{arcediano1997blocking,
  title={Blocking of Pavlovian conditioning in humans},
  author={Arcediano, Francisco and Matute, Helena and Miller, Ralph R},
  journal={Learning and Motivation},
  volume={28},
  number={2},
  pages={188--199},
  year={1997},
  publisher={Elsevier}
}

@article{kruschke2005eye,
  title={Eye gaze and individual differences consistent with learned attention in associative blocking and highlighting.},
  author={Kruschke, John K and Kappenman, Emily S and Hetrick, William P},
  journal={Journal of Experimental Psychology: Learning, Memory, and Cognition},
  volume={31},
  number={5},
  pages={830},
  year={2005},
  publisher={American Psychological Association}
}



@article{hoffman2010costs,
  title={The costs of supervised classification: The effect of learning task on conceptual flexibility.},
  author={Hoffman, Aaron B and Rehder, Bob},
  journal={Journal of Experimental Psychology: General},
  volume={139},
  number={2},
  pages={319},
  year={2010},
  publisher={American Psychological Association}
}


@article{juslin2003cue,
  title={Cue abstraction and exemplar memory in categorization.},
  author={Juslin, Peter and Jones, Sari and Olsson, Henrik and Winman, Anders},
  journal={Journal of Experimental Psychology: Learning, Memory, and Cognition},
  volume={29},
  number={5},
  pages={924},
  year={2003},
  publisher={American Psychological Association}
}

@article{juslin2003exemplar,
  title={Exemplar effects in categorization and multiple-cue judgment.},
  author={Juslin, Peter and Olsson, Henrik and Olsson, Anna-Carin},
  journal={Journal of Experimental Psychology: General},
  volume={132},
  number={1},
  pages={133},
  year={2003},
  publisher={American Psychological Association}
}

% PLos One Bio


@book{f1,
  title={The problem of serial order in behavior},
  author={Lashley, Karl Spencer},
  volume={21},
  year={1951},
  publisher={Bobbs-Merrill Oxford, United Kingdom}
}

@book{f2,
  title={Syntactic structures},
  author={Chomsky, Noam},
  year={2009},
  publisher={De Gruyter Mouton}
}

@book{f3,
  title={A Generative Theory of Tonal Music, reissue, with a new preface},
  author={Lerdahl, Fred and Jackendoff, Ray S},
  year={1996},
  publisher={MIT press}
}

@article{f4,
  title={The neural representation of sequences: from transition probabilities to algebraic patterns and linguistic trees},
  author={Dehaene, Stanislas and Meyniel, Florent and Wacongne, Catherine and Wang, Liping and Pallier, Christophe},
  journal={Neuron},
  volume={88},
  number={1},
  pages={2--19},
  year={2015},
  publisher={Elsevier}
}

@article{f5,
  title={Conserved sequence processing in primate frontal cortex},
  author={Wilson, Benjamin and Marslen-Wilson, William D and Petkov, Christopher I},
  journal={Trends in neurosciences},
  volume={40},
  number={2},
  pages={72--82},
  year={2017},
  publisher={Elsevier}
}

@article{f6,
  title={The faculty of language: what is it, who has it, and how did it evolve?},
  author={Hauser, Marc D and Chomsky, Noam and Fitch, W Tecumseh},
  journal={science},
  volume={298},
  number={5598},
  pages={1569--1579},
  year={2002},
  publisher={American Association for the Advancement of Science}
}

@article{f7,
  title={Sequential learning in non-human primates},
  author={Conway, Christopher M and Christiansen, Morten H},
  journal={Trends in cognitive sciences},
  volume={5},
  number={12},
  pages={539--546},
  year={2001},
  publisher={Elsevier}
}

@article{f8,
  title={Toward a computational framework for cognitive biology: unifying approaches from cognitive neuroscience and comparative cognition},
  author={Fitch, W Tecumseh},
  journal={Physics of life reviews},
  volume={11},
  number={3},
  pages={329--364},
  year={2014},
  publisher={Elsevier}
}

@article{f9,
  title={The Universal Generative Faculty: The source of our expressive power in language, mathematics, morality, and music},
  author={Hauser, Marc D and Watumull, Jeffrey},
  journal={Journal of Neurolinguistics},
  volume={43},
  pages={78--94},
  year={2017},
  publisher={Elsevier}
}

@article{f10,
  title={Representation of action sequence boundaries by macaque prefrontal cortical neurons},
  author={Fujii, Naotaka and Graybiel, Ann M},
  journal={Science},
  volume={301},
  number={5637},
  pages={1246--1249},
  year={2003},
  publisher={American Association for the Advancement of Science}
}

@article{f11,
  title={Production of supra-regular spatial sequences by macaque monkeys},
  author={Jiang, Xinjian and Long, Tenghai and Cao, Weicong and Li, Junru and Dehaene, Stanislas and Wang, Liping},
  journal={Current Biology},
  volume={28},
  number={12},
  pages={1851--1859},
  year={2018},
  publisher={Elsevier}
}

@article{f12,
  title={Rule learning by seven-month-old infants},
  author={Marcus, Gary F and Vijayan, Sugumaran and Rao, S Bandi and Vishton, Peter M},
  journal={Science},
  volume={283},
  number={5398},
  pages={77--80},
  year={1999},
  publisher={American Association for the Advancement of Science}
}

@article{f13,
  title={Representation of numerical and sequential patterns in macaque and human brains},
  author={Wang, Liping and Uhrig, Lynn and Jarraya, Bechir and Dehaene, Stanislas},
  journal={Current Biology},
  volume={25},
  number={15},
  pages={1966--1974},
  year={2015},
  publisher={Elsevier}
}

@article{f14,
  title={Auditory artificial grammar learning in macaque and marmoset monkeys},
  author={Wilson, Benjamin and Slater, Heather and Kikuchi, Yukiko and Milne, Alice E and Marslen-Wilson, William D and Smith, Kenny and Petkov, Christopher I},
  journal={Journal of Neuroscience},
  volume={33},
  number={48},
  pages={18825--18835},
  year={2013},
  publisher={Soc Neuroscience}
}

@article{f16,
  title={What’s magic about magic numbers? Chunking and data compression in short-term memory},
  author={Mathy, Fabien and Feldman, Jacob},
  journal={Cognition},
  volume={122},
  number={3},
  pages={346--362},
  year={2012},
  publisher={Elsevier}
}

@article{f17,
  title={Making sense of randomness: Implicit encoding as a basis for judgment.},
  author={Falk, Ruma and Konold, Clifford},
  journal={Psychological Review},
  volume={104},
  number={2},
  pages={301},
  year={1997},
  publisher={American Psychological Association}
}

@inproceedings{f18,
  title={Probability, algorithmic complexity, and subjective randomness},
  author={Griffiths, Thomas L and Tenenbaum, Joshua B},
  booktitle={Proceedings of the Annual Meeting of the Cognitive Science Society},
  volume={25},
  number={25},
  year={2003}
}

@article{f19,
  title={Perceiving patterns in random series: dynamic processing of sequence in prefrontal cortex},
  author={Huettel, Scott A and Mack, Peter B and McCarthy, Gregory},
  journal={Nature neuroscience},
  volume={5},
  number={5},
  pages={485--490},
  year={2002},
  publisher={Nature Publishing Group}
}

@article{f20,
  title={Brain signatures of a multiscale process of sequence learning in humans},
  author={Maheu, Maxime and Dehaene, Stanislas and Meyniel, Florent},
  journal={elife},
  volume={8},
  pages={e41541},
  year={2019},
  publisher={eLife Sciences Publications Limited}
}

@article{f21,
  title={Human inferences about sequences: A minimal transition probability model},
  author={Meyniel, Florent and Maheu, Maxime and Dehaene, Stanislas},
  journal={PLoS computational biology},
  volume={12},
  number={12},
  pages={e1005260},
  year={2016},
  publisher={Public Library of Science San Francisco, CA USA}
}

@article{f22,
  title={What's next? Judging sequences of binary events.},
  author={Oskarsson, An T and Van Boven, Leaf and McClelland, Gary H and Hastie, Reid},
  journal={Psychological bulletin},
  volume={135},
  number={2},
  pages={262},
  year={2009},
  publisher={American Psychological Association}
}

@article{f23,
  title={Compression in visual working memory: using statistical regularities to form more efficient memory representations.},
  author={Brady, Timothy F and Konkle, Talia and Alvarez, George A},
  journal={Journal of Experimental Psychology: General},
  volume={138},
  number={4},
  pages={487},
  year={2009},
  publisher={American Psychological Association}
}

@incollection{f24,
  title={Skill and working memory},
  author={Chase, William G and Ericsson, K Anders},
  booktitle={Psychology of learning and motivation},
  volume={16},
  pages={1--58},
  year={1982},
  publisher={Elsevier}
}

@article{f25,
  title={The magical number 4 in short-term memory: A reconsideration of mental storage capacity},
  author={Cowan, Nelson},
  journal={Behavioral and brain sciences},
  volume={24},
  number={1},
  pages={87--114},
  year={2001},
  publisher={Cambridge University Press}
}

@article{f26,
  title={Acquisition of a memory skill},
  author={Ericcson, K Anders and Chase, William G and Faloon, Steve},
  journal={Science},
  volume={208},
  number={4448},
  pages={1181--1182},
  year={1980},
  publisher={American Association for the Advancement of Science}
}

%f27 es feldman2000minimization

@article{f28,
  title={Working memory capacity for spoken sentences decreases with adult ageing: Recall of fewer but not smaller chunks in older adults},
  author={Gilchrist, Amanda L and Cowan, Nelson and Naveh-Benjamin, Moshe},
  journal={Memory},
  volume={16},
  number={7},
  pages={773--787},
  year={2008},
  publisher={Taylor \& Francis}
}

@article{f29,
  title={The magical number seven, plus or minus two: Some limits on our capacity for processing information.},
  author={Miller, George A},
  journal={Psychological review},
  volume={101},
  number={2},
  pages={343},
  year={1994},
  publisher={American Psychological Association}
}

@incollection{f30,
  title={Working memory},
  author={Baddeley, Alan D and Hitch, Graham},
  booktitle={Psychology of learning and motivation},
  volume={8},
  pages={47--89},
  year={1974},
  publisher={Elsevier}
}

@article{f31,
  title={Chunk formation in immediate memory and how it relates to data compression},
  author={Chekaf, Mustapha and Cowan, Nelson and Mathy, Fabien},
  journal={Cognition},
  volume={155},
  pages={96--107},
  year={2016},
  publisher={Elsevier}
}

@article{f32,
  title={Simplicity: A unifying principle in cognitive science?},
  author={Chater, Nick and Vit{\'a}nyi, Paul},
  journal={Trends in cognitive sciences},
  volume={7},
  number={1},
  pages={19--22},
  year={2003},
  publisher={Elsevier}
}

@article{f33,
  title={Quantitative specification of information in sequential patterns.},
  author={Leeuwenberg, EL},
  journal={Psychological Review},
  volume={76},
  number={2},
  pages={216},
  year={1969},
  publisher={American Psychological Association}
}

@article{f34,
  title={Complexity and the representation of patterned sequences of symbols.},
  author={Simon, Herbert A},
  journal={Psychological review},
  volume={79},
  number={5},
  pages={369},
  year={1972},
  publisher={American Psychological Association}
}

@article{f35,
  title={Accuracy of perceptual recall: An analysis of organization},
  author={Glanzer, Murray and Clark, William H},
  journal={Journal of Verbal Learning and Verbal Behavior},
  volume={1},
  number={4},
  pages={289--299},
  year={1963},
  publisher={Elsevier}
}

@article{f36,
  title={Serial pattern learning.},
  author={Restle, Frank and Brown, Eric R},
  journal={Journal of Experimental Psychology},
  volume={83},
  number={1p1},
  pages={120},
  year={1970},
  publisher={American Psychological Association}
}

@article{f37,
  title={Theory of serial pattern learning: Structural trees.},
  author={Restle, Frank},
  journal={Psychological Review},
  volume={77},
  number={6},
  pages={481},
  year={1970},
  publisher={American Psychological Association}
}

@article{f38,
  title={Serial pattern learning: Higher order transitions.},
  author={Restle, Frank},
  journal={Journal of Experimental Psychology},
  volume={99},
  number={1},
  pages={61},
  year={1973},
  publisher={American Psychological Association}
}

%f39 es kolmogorov1965three

%f40 es chaitin1969length


%f41 es solomonoff1964formal
%f42 es paper tesis

@article{f43,
  title={Numerical evaluation of algorithmic complexity for short strings: A glance into the innermost structure of randomness},
  author={Delahaye, Jean-Paul and Zenil, Hector},
  journal={Applied Mathematics and Computation},
  volume={219},
  number={1},
  pages={63--77},
  year={2012},
  publisher={Elsevier}
}

@article{f44,
  title={Algorithmic complexity for short binary strings applied to psychology: a primer},
  author={Gauvrit, Nicolas and Zenil, Hector and Delahaye, Jean-Paul and Soler-Toscano, Fernando},
  journal={Behavior research methods},
  volume={46},
  number={3},
  pages={732--744},
  year={2014},
  publisher={Springer}
}

@article{f45,
  title={Algorithmic complexity for psychology: a user-friendly implementation of the coding theorem method},
  author={Gauvrit, Nicolas and Singmann, Henrik and Soler-Toscano, Fernando and Zenil, Hector},
  journal={Behavior research methods},
  volume={48},
  number={1},
  pages={314--329},
  year={2016},
  publisher={Springer}
}

@article{f46,
  title={Calculating Kolmogorov complexity from the output frequency distributions of small Turing machines},
  author={Soler-Toscano, Fernando and Zenil, Hector and Delahaye, Jean-Paul and Gauvrit, Nicolas},
  journal={PloS one},
  volume={9},
  number={5},
  pages={e96223},
  year={2014},
  publisher={Public Library of Science}
}

@article{f47,
  title={Complexity equals change},
  author={Aksentijevic, Aleksandar and Gibson, Keith},
  journal={Cognitive systems research},
  volume={15},
  pages={1--16},
  year={2012},
  publisher={Elsevier}
}

@article{f48,
  title={Human acquisition of concepts for sequential patterns.},
  author={Simon, Herbert A and Kotovsky, Kenneth},
  journal={Psychological review},
  volume={70},
  number={6},
  pages={534},
  year={1963},
  publisher={American Psychological Association}
}

%f49 es leeuwenberg1971perceptual


@article{f50,
  title={A rational analysis of rule-based concept learning},
  author={Goodman, Noah D and Tenenbaum, Joshua B and Feldman, Jacob and Griffiths, Thomas L},
  journal={Cognitive science},
  volume={32},
  number={1},
  pages={108--154},
  year={2008},
  publisher={Wiley Online Library}
}

@article{f51,
  title={Learning a theory of causality.},
  author={Goodman, Noah D and Ullman, Tomer D and Tenenbaum, Joshua B},
  journal={Psychological review},
  volume={118},
  number={1},
  pages={110},
  year={2011},
  publisher={American Psychological Association}
}

@article{f54,
  title={A computational study of cross-situational techniques for learning word-to-meaning mappings},
  author={Siskind, Jeffrey Mark},
  journal={Cognition},
  volume={61},
  number={1-2},
  pages={39--91},
  year={1996},
  publisher={Elsevier}
}

%f55 a f58 propios

@article{f59,
  title={An abstract language of thought for spatial sequences in humans},
  author={Al Roumi, Fosca and Marti, S{\'e}bastien and Wang, Liping and Amalric, Marie and Dehaene, Stanislas},
  journal={bioRxiv},
  year={2020},
  publisher={Cold Spring Harbor Laboratory}
}

@article{f60,
  title={Representation of spatial sequences using nested rules in human prefrontal cortex},
  author={Wang, Liping and Amalric, Marie and Fang, Wen and Jiang, Xinjian and Pallier, Christophe and Figueira, Santiago and Sigman, Mariano and Dehaene, Stanislas},
  journal={NeuroImage},
  volume={186},
  pages={245--255},
  year={2019},
  publisher={Elsevier}
}

@inproceedings{f61,
  title={Rhythm Complexity Measures: A Comparison of Mathematical Models of Human Perception and Performance.},
  author={Thul, Eric and Toussaint, Godfried T},
  booktitle={ISMIR},
  pages={663--668},
  year={2008}
}

@article{f62,
  title={The mismatch negativity: a review of underlying mechanisms},
  author={Garrido, Marta I and Kilner, James M and Stephan, Klaas E and Friston, Karl J},
  journal={Clinical neurophysiology},
  volume={120},
  number={3},
  pages={453--463},
  year={2009},
  publisher={Elsevier}
}

@article{f63,
  title={Mismatch negativity: clinical research and possible applications},
  author={N{\"a}{\"a}t{\"a}nen, Risto},
  journal={International Journal of Psychophysiology},
  volume={48},
  number={2},
  pages={179--188},
  year={2003},
  publisher={Elsevier}
}

@article{f64,
  title={Two varieties of long-latency positive waves evoked by unpredictable auditory stimuli in man},
  author={Squires, Nancy K and Squires, Kenneth C and Hillyard, Steven A},
  journal={Electroencephalography and clinical neurophysiology},
  volume={38},
  number={4},
  pages={387--401},
  year={1975},
  publisher={Elsevier}
}

@article{f65,
  title={Nonhuman primate model of schizophrenia using a noninvasive EEG method},
  author={Gil-da-Costa, Ricardo and Stoner, Gene R and Fung, Raynard and Albright, Thomas D},
  journal={Proceedings of the National Academy of Sciences},
  volume={110},
  number={38},
  pages={15425--15430},
  year={2013},
  publisher={National Acad Sciences}
}

@article{f66,
  title={A hierarchy of responses to auditory regularities in the macaque brain},
  author={Uhrig, Lynn and Dehaene, Stanislas and Jarraya, B{\'e}chir},
  journal={Journal of Neuroscience},
  volume={34},
  number={4},
  pages={1127--1132},
  year={2014},
  publisher={Soc Neuroscience}
}

@article{f67,
  title={Neural signature of the conscious processing of auditory regularities},
  author={Bekinschtein, Tristan A and Dehaene, Stanislas and Rohaut, Benjamin and Tadel, Fran{\c{c}}ois and Cohen, Laurent and Naccache, Lionel},
  journal={Proceedings of the National Academy of Sciences},
  volume={106},
  number={5},
  pages={1672--1677},
  year={2009},
  publisher={National Acad Sciences}
}

@article{f68,
  title={Evidence for a hierarchy of predictions and prediction errors in human cortex},
  author={Wacongne, Catherine and Labyt, Etienne and van Wassenhove, Virginie and Bekinschtein, Tristan and Naccache, Lionel and Dehaene, Stanislas},
  journal={Proceedings of the National Academy of Sciences},
  volume={108},
  number={51},
  pages={20754--20759},
  year={2011},
  publisher={National Acad Sciences}
}

@article{f69,
  title={Large-scale cortical networks for hierarchical prediction and prediction error in the primate brain},
  author={Chao, Zenas C and Takaura, Kana and Wang, Liping and Fujii, Naotaka and Dehaene, Stanislas},
  journal={Neuron},
  volume={100},
  number={5},
  pages={1252--1266},
  year={2018},
  publisher={Elsevier}
}

@article{f70,
  title={A hierarchy of cortical responses to sequence violations in three-month-old infants},
  author={Basirat, Anahita and Dehaene, Stanislas and Dehaene-Lambertz, Ghislaine},
  journal={Cognition},
  volume={132},
  number={2},
  pages={137--150},
  year={2014},
  publisher={Elsevier}
}

@article{f71,
  title={Probing consciousness with event-related potentials in the vegetative state},
  author={Faugeras, F and Rohaut, B and Weiss, N and Bekinschtein, TA and Galanaud, Damien and Puybasset, Louis and Bolgert, F and Sergent, C and Cohen, L and Dehaene, Stanislas and others},
  journal={Neurology},
  volume={77},
  number={3},
  pages={264--268},
  year={2011},
  publisher={AAN Enterprises}
}

@article{f72,
  title={Disruption of hierarchical predictive coding during sleep},
  author={Strauss, Melanie and Sitt, Jacobo D and King, Jean-Remi and Elbaz, Maxime and Azizi, Leila and Buiatti, Marco and Naccache, Lionel and Van Wassenhove, Virginie and Dehaene, Stanislas},
  journal={Proceedings of the National Academy of Sciences},
  volume={112},
  number={11},
  pages={E1353--E1362},
  year={2015},
  publisher={National Acad Sciences}
}

@article{f73,
  title={Statistical learning by 8-month-old infants},
  author={Saffran, Jenny R and Aslin, Richard N and Newport, Elissa L},
  journal={Science},
  volume={274},
  number={5294},
  pages={1926--1928},
  year={1996},
  publisher={American Association for the Advancement of Science}
}

@article{f74,
  title={Statistical learning and language acquisition},
  author={Romberg, Alexa R and Saffran, Jenny R},
  journal={Wiley Interdisciplinary Reviews: Cognitive Science},
  volume={1},
  number={6},
  pages={906--914},
  year={2010},
  publisher={Wiley Online Library}
}

@article{f75,
  title={Visual statistical learning in infancy: Evidence for a domain general learning mechanism},
  author={Kirkham, Natasha Z and Slemmer, Jonathan A and Johnson, Scott P},
  journal={Cognition},
  volume={83},
  number={2},
  pages={B35--B42},
  year={2002},
  publisher={Elsevier}
}

@article{f76,
  title={Visual statistical learning of shape sequences: An ERP study},
  author={Abla, Dilshat and Okanoya, Kazuo},
  journal={Neuroscience research},
  volume={64},
  number={2},
  pages={185--190},
  year={2009},
  publisher={Elsevier}
}

@article{f77,
  title={Segmentation of the speech stream in a non-human primate: Statistical learning in cotton-top tamarins},
  author={Hauser, Marc D and Newport, Elissa L and Aslin, Richard N},
  journal={Cognition},
  volume={78},
  number={3},
  pages={B53--B64},
  year={2001},
  publisher={Elsevier}
}

@article{f78,
  title={Statistical learning of visual transitions in monkey inferotemporal cortex},
  author={Meyer, Travis and Olson, Carl R},
  journal={Proceedings of the National Academy of Sciences},
  volume={108},
  number={48},
  pages={19401--19406},
  year={2011},
  publisher={National Acad Sciences}
}

@article{f79,
  title={Trial-by-trial fluctuations in the event-related electroencephalogram reflect dynamic changes in the degree of surprise},
  author={Mars, Rogier B and Debener, Stefan and Gladwin, Thomas E and Harrison, Lee M and Haggard, Patrick and Rothwell, John C and Bestmann, Sven},
  journal={Journal of Neuroscience},
  volume={28},
  number={47},
  pages={12539--12545},
  year={2008},
  publisher={Soc Neuroscience}
}

@article{f80,
  title={Brain networks for confidence weighting and hierarchical inference during probabilistic learning},
  author={Meyniel, Florent and Dehaene, Stanislas},
  journal={Proceedings of the National Academy of Sciences},
  volume={114},
  number={19},
  pages={E3859--E3868},
  year={2017},
  publisher={National Acad Sciences}
}

@article{f81,
  title={The sense of confidence during probabilistic learning: A normative account},
  author={Meyniel, Florent and Schlunegger, Daniel and Dehaene, Stanislas},
  journal={PLoS Comput Biol},
  volume={11},
  number={6},
  pages={e1004305},
  year={2015},
  publisher={Public Library of Science}
}

@article{f82,
  title={The free-energy principle: a unified brain theory?},
  author={Friston, Karl},
  journal={Nature reviews neuroscience},
  volume={11},
  number={2},
  pages={127--138},
  year={2010},
  publisher={Nature publishing group}
}

%f83 es shannon48
@article{shannon48,
  title={A mathematical theory of communication},
  author={Shannon, Claude E},
  journal={The Bell system technical journal},
  volume={27},
  number={3},
  pages={379--423},
  year={1948},
  publisher={Nokia Bell Labs}
}

@article{f84,
  title={Information theory, novelty and hippocampal responses: unpredicted or unpredictable?},
  author={Strange, Bryan A and Duggins, Andrew and Penny, William and Dolan, Raymond J and Friston, Karl J},
  journal={Neural Networks},
  volume={18},
  number={3},
  pages={225--230},
  year={2005},
  publisher={Elsevier}
}

@article{f85,
  title={Rational arbitration between statistics and rules in human sequence learning},
  author={Maheu, Maxime and Meyniel, Florent and Dehaene, Stanislas},
  journal={bioRxiv},
  year={2020},
  publisher={Cold Spring Harbor Laboratory}
}

@article{f86,
  title={The magical mystery four: How is working memory capacity limited, and why?},
  author={Cowan, Nelson},
  journal={Current directions in psychological science},
  volume={19},
  number={1},
  pages={51--57},
  year={2010},
  publisher={Sage Publications Sage CA: Los Angeles, CA}
}

@article{f87,
  title={A comparison of methods to combine speed and accuracy measures of performance: A rejoinder on the binning procedure},
  author={Vandierendonck, Andr{\'e}},
  journal={Behavior research methods},
  volume={49},
  number={2},
  pages={653--673},
  year={2017},
  publisher={Springer}
}

@article{f88,
  title={Further tests of the utility of integrated speed-accuracy measures in task switching},
  author={Vandierendonck, Andr{\'e}},
  journal={Journal of cognition},
  volume={1},
  number={1},
  year={2018},
  publisher={Ubiquity Press}
}

@article{f89,
  title={Short-term memory capacity: Limitation or optimization?},
  author={MacGregor, James N},
  journal={Psychological Review},
  volume={94},
  number={1},
  pages={107},
  year={1987},
  publisher={American Psychological Association}
}

@article{f90,
  title={Human information processing and sensory modality: Cross-modal functions, information complexity, memory, and deficit.},
  author={Freides, David},
  journal={Psychological bulletin},
  volume={81},
  number={5},
  pages={284},
  year={1974},
  publisher={American Psychological Association}
}

@article{f91,
  title={Hearing what the eyes see: auditory encoding of visual temporal sequences},
  author={Guttman, Sharon E and Gilroy, Lee A and Blake, Randolph},
  journal={Psychological science},
  volume={16},
  number={3},
  pages={228--235},
  year={2005},
  publisher={SAGE Publications Sage CA: Los Angeles, CA}
}


@article{f92,
  title={The influence of metricality and modality on synchronization with a beat},
  author={Patel, Aniruddh D and Iversen, John R and Chen, Yanqing and Repp, Bruno H},
  journal={Experimental brain research},
  volume={163},
  number={2},
  pages={226--238},
  year={2005},
  publisher={Springer}
}

%f93 yildirim2015learning

@article{f94,
  title={Subsymmetries},
  author={Alexander, Christopher and Carey, Susan},
  journal={Perception \& Psychophysics},
  volume={4},
  number={2},
  pages={73--77},
  year={1968},
  publisher={Springer}
}

@article{f95,
  title={Simplicity, symmetry, and syntely: Stimulus measures of binary pattern structure},
  author={Psotka, Joseph},
  journal={Memory \& cognition},
  volume={3},
  number={4},
  pages={434--444},
  year={1975},
  publisher={Springer}
}

@article{f96,
  title={Information, run structure and binary pattern complexity},
  author={Vitz, Paul C},
  journal={Perception \& Psychophysics},
  volume={3},
  number={4},
  pages={275--280},
  year={1968},
  publisher={Springer}
}

@article{f97,
  title={A coded element model of the perceptual processing of sequential stimuli.},
  author={Vitz, Paul C and Todd, Thomas C},
  journal={Psychological Review},
  volume={76},
  number={5},
  pages={433},
  year={1969},
  publisher={American Psychological Association}
}

@article{f98,
  title={On the complexity of finite sequences},
  author={Lempel, Abraham and Ziv, Jacob},
  journal={IEEE Transactions on information theory},
  volume={22},
  number={1},
  pages={75--81},
  year={1976},
  publisher={IEEE}
}

@article{f99,
  title={Assessing randomness and complexity in human motion trajectories through analysis of symbolic sequences},
  author={Peng, Zhen and Genewein, Tim and Braun, Daniel Alexander},
  journal={Frontiers in human neuroscience},
  volume={8},
  pages={168},
  year={2014},
  publisher={Frontiers}
}

@article{f100,
  title={Mice adaptively generate choice variability in a deterministic task},
  author={Belkaid, Marwen and Bousseyrol, Elise and Durand-de Cuttoli, Romain and Dongelmans, Malou and Durant{\'e}, Etienne K and Yahia, Tarek Ahmed and Didienne, Steve and Hanesse, Bernadette and Come, Maxime and Mourot, Alexandre and others},
  journal={Communications biology},
  volume={3},
  number={1},
  pages={1--9},
  year={2020},
  publisher={Nature Publishing Group}
}

@article{f101,
  title={Complexity and learnability in the explanation of semantic universals of quantifiers},
  author={van de Pol, Iris and Steinert-Threlkeld, Shane and Szymanik, Jakub},
  year={2019},
  publisher={PsyArXiv}
}

@article{f102,
  title={Input--output maps are strongly biased towards simple outputs},
  author={Dingle, Kamaludin and Camargo, Chico Q and Louis, Ard A},
  journal={Nature communications},
  volume={9},
  number={1},
  pages={1--7},
  year={2018},
  publisher={Nature Publishing Group}
}

@article{f103,
  title={Deep learning generalizes because the parameter-function map is biased towards simple functions},
  author={Valle-Perez, Guillermo and Camargo, Chico Q and Louis, Ard A},
  journal={arXiv preprint arXiv:1805.08522},
  year={2018}
}

@article{f104,
  title={Subsymmetries predict auditory and visual pattern complexity},
  author={Toussaint, Godfried T and Beltran, Juan F},
  journal={Perception},
  volume={42},
  number={10},
  pages={1095--1100},
  year={2013},
  publisher={SAGE Publications Sage UK: London, England}
}

@article{f105,
  title={Estimating the dimension of a model},
  author={Schwarz, Gideon and others},
  journal={Annals of statistics},
  volume={6},
  number={2},
  pages={461--464},
  year={1978},
  publisher={Institute of Mathematical Statistics}
}

@article{f106,
  title={AIC model selection using Akaike weights},
  author={Wagenmakers, Eric-Jan and Farrell, Simon},
  journal={Psychonomic bulletin \& review},
  volume={11},
  number={1},
  pages={192--196},
  year={2004},
  publisher={Springer}
}

%f107 es li2013introduction
@book{carlin2008bayesian,
  title={Bayesian methods for data analysis},
  author={Carlin, Bradley P and Louis, Thomas A},
  year={2008},
  publisher={CRC Press}
}

@article{f108,
  title={Constant capacity in an immediate serial-recall task: A logical sequel to Miller (1956)},
  author={Cowan, Nelson and Chen, Zhijian and Rouder, Jeffrey N},
  journal={Psychological science},
  volume={15},
  number={9},
  pages={634--640},
  year={2004},
  publisher={SAGE Publications Sage CA: Los Angeles, CA}
}

@article{f109,
  title={The capacity of visual working memory for features and conjunctions},
  author={Luck, Steven J and Vogel, Edward K},
  journal={Nature},
  volume={390},
  number={6657},
  pages={279--281},
  year={1997},
  publisher={Nature Publishing Group}
}

@article{f110,
  title={Chunking mechanisms in human learning},
  author={Gobet, Fernand and Lane, Peter CR and Croker, Steve and Cheng, Peter CH and Jones, Gary and Oliver, Iain and Pine, Julian M},
  journal={Trends in cognitive sciences},
  volume={5},
  number={6},
  pages={236--243},
  year={2001},
  publisher={Elsevier}
}

@article{f111,
  title={Computational constraints on syntactic processing in a nonhuman primate},
  author={Fitch, W Tecumseh and Hauser, Marc D},
  journal={Science},
  volume={303},
  number={5656},
  pages={377--380},
  year={2004},
  publisher={American Association for the Advancement of Science}
}

@article{f112,
  title={A hierarchical model of binary pattern learning},
  author={Vitz, Paul C},
  journal={Learning and Motivation},
  volume={65},
  pages={52--59},
  year={2019},
  publisher={Elsevier}
}

@article{f113,
  title={Perceptual constraints and the learnability of simple grammars},
  author={Endress, Ansgar D and Dehaene-Lambertz, Ghislaine and Mehler, Jacques},
  journal={Cognition},
  volume={105},
  number={3},
  pages={577--614},
  year={2007},
  publisher={Elsevier}
}

@article{f114,
  title={The neonate brain detects speech structure},
  author={Gervain, Judit and Macagno, Francesco and Cogoi, Silvia and Pe{\~n}a, Marcela and Mehler, Jacques},
  journal={Proceedings of the National Academy of Sciences},
  volume={105},
  number={37},
  pages={14222--14227},
  year={2008},
  publisher={National Acad Sciences}
}

@article{f115,
  title={Subjective probability: A judgment of representativeness},
  author={Kahneman, Daniel and Tversky, Amos},
  journal={Cognitive psychology},
  volume={3},
  number={3},
  pages={430--454},
  year={1972},
  publisher={Elsevier}
}

@article{f116,
  title={Distinguishing between random and nonrandom events.},
  author={Lopes, Lola L and Oden, Gregg C},
  journal={Journal of Experimental Psychology: Learning, Memory, and Cognition},
  volume={13},
  number={3},
  pages={392},
  year={1987},
  publisher={American Psychological Association}
}

@article{f117,
  title={Subjective randomness as statistical inference},
  author={Griffiths, Thomas L and Daniels, Dylan and Austerweil, Joseph L and Tenenbaum, Joshua B},
  journal={Cognitive psychology},
  volume={103},
  pages={85--109},
  year={2018},
  publisher={Elsevier}
}

@article{f118,
  title={Modality-constrained statistical learning of tactile, visual, and auditory sequences.},
  author={Conway, Christopher M and Christiansen, Morten H},
  journal={Journal of Experimental Psychology: Learning, Memory, and Cognition},
  volume={31},
  number={1},
  pages={24},
  year={2005},
  publisher={American Psychological Association}
}

@article{f119,
  title={Modality effects in the coding reproduction of rhythms},
  author={Glenberg, Arthur M and Mann, Stuart and Altman, Lisa and Forman, Tim and Procise, Sean},
  journal={Memory \& Cognition},
  volume={17},
  number={4},
  pages={373--383},
  year={1989},
  publisher={Springer}
}

@incollection{f120,
  title={Working memory},
  author={Baddeley, Alan D and Hitch, Graham},
  booktitle={Psychology of learning and motivation},
  volume={8},
  pages={47--89},
  year={1974},
  publisher={Elsevier}
}

@article{f121,
  title={Modality effects in rhythm processing: Auditory encoding of visual rhythms is neither obligatory nor automatic},
  author={McAuley, J Devin and Henry, Molly J},
  journal={Attention, Perception, \& Psychophysics},
  volume={72},
  number={5},
  pages={1377--1389},
  year={2010},
  publisher={Springer}
}

@article{f122,
  title={Outlier responses reflect sensitivity to statistical structure in the human brain},
  author={Garrido, Marta I and Sahani, Maneesh and Dolan, Raymond J},
  journal={PLoS Comput Biol},
  volume={9},
  number={3},
  pages={e1002999},
  year={2013},
  publisher={Public Library of Science}
}

@inproceedings{booth1969probabilistic,
  title={Probabilistic representation of formal languages},
  author={Booth, Taylor L},
  booktitle={10th annual symposium on switching and Automata Theory (swat 1969)},
  pages={74--81},
  year={1969},
  organization={IEEE}
}

@article{backus1959syntax,
  title={The syntax and semantics of the proposed international algebraic language of the Zurich ACM-GAMM conference},
  author={Backus, John W},
  journal={Proceedings of the International Comference on Information Processing, 1959},
  year={1959}
}

@article{chomsky1956three,
  title={Three models for the description of language},
  author={Chomsky, Noam},
  journal={IRE Transactions on information theory},
  volume={2},
  number={3},
  pages={113--124},
  year={1956},
  publisher={IEEE}
}

@book{katre1989,
  title={Aṣṭ{\=a}dhy{\=a}y{\=\i} of P{\=a}ṇini},
  author={Katre, Sumitra Mangesh and others},
  year={1989},
  publisher={Motilal Banarsidass Publ.}
}

@misc{keselj2009speech,
  title={Speech and Language Processing. An Introduction to Natural Language Processing,Computational Linguistics, and Speech Recognition},
  author={Daniel Jurafsky and James H. Martin},
  year={2021},
  publisher={Third Edition Draft}
}

@article{f123,
  title={I heard that coming: event-related potential evidence for stimulus-driven prediction in the auditory system},
  author={Bendixen, Alexandra and Schr{\"o}ger, Erich and Winkler, Istv{\'a}n},
  journal={Journal of Neuroscience},
  volume={29},
  number={26},
  pages={8447--8451},
  year={2009},
  publisher={Soc Neuroscience}
}

@article{f124,
  title={Summary statistics in auditory perception},
  author={McDermott, Josh H and Schemitsch, Michael and Simoncelli, Eero P},
  journal={Nature neuroscience},
  volume={16},
  number={4},
  pages={493--498},
  year={2013},
  publisher={Nature Publishing Group}
}

@article{f125,
  title={The mismatch-negativity (MMN) component of the auditory event-related potential to violations of abstract regularities: a review},
  author={Paavilainen, Petri},
  journal={International journal of psychophysiology},
  volume={88},
  number={2},
  pages={109--123},
  year={2013},
  publisher={Elsevier}
}

@article{f126,
  title={Brain responses in humans reveal ideal observer-like sensitivity to complex acoustic patterns},
  author={Barascud, Nicolas and Pearce, Marcus T and Griffiths, Timothy D and Friston, Karl J and Chait, Maria},
  journal={Proceedings of the National Academy of Sciences},
  volume={113},
  number={5},
  pages={E616--E625},
  year={2016},
  publisher={National Acad Sciences}
}

@article{f127,
  title={Attentional load and implicit sequence learning},
  author={Shanks, David R and Rowland, Lee A and Ranger, Mandeep S},
  journal={Psychological research},
  volume={69},
  number={5},
  pages={369--382},
  year={2005},
  publisher={Springer}
}

@article{f128,
  title={Enhanced deviant responses in patterned relative to random sound sequences},
  author={Southwell, Rosy and Chait, Maria},
  journal={Cortex},
  volume={109},
  pages={92--103},
  year={2018},
  publisher={Elsevier}
}

@article{f129,
  title={The cumulative effects of predictability on synaptic gain in the auditory processing stream},
  author={Auksztulewicz, Ryszard and Barascud, Nicolas and Cooray, Gerald and Nobre, Anna Christina and Chait, Maria and Friston, Karl},
  journal={Journal of Neuroscience},
  volume={37},
  number={28},
  pages={6751--6760},
  year={2017},
  publisher={Soc Neuroscience}
}

@misc{f130,
  title={Attention, uncertainty, and free-energy. Front. Hum. Neurosci. 4, 215},
  author={Feldman, H and Friston, KJ},
  year={2010}
}

@article{f131,
  title={Great expectations: is there evidence for predictive coding in auditory cortex?},
  author={Heilbron, Micha and Chait, Maria},
  journal={Neuroscience},
  volume={389},
  pages={54--73},
  year={2018},
  publisher={Elsevier}
}

@article{f132,
  title={Bayesian inference and attentional modulation in the visual cortex},
  author={Rao, Rajesh PN},
  journal={Neuroreport},
  volume={16},
  number={16},
  pages={1843--1848},
  year={2005},
  publisher={LWW}
}

@article{f133,
  title={Is predictability salient? A study of attentional capture by auditory patterns},
  author={Southwell, Rosy and Baumann, Anna and Gal, C{\'e}cile and Barascud, Nicolas and Friston, Karl and Chait, Maria},
  journal={Philosophical Transactions of the Royal Society B: Biological Sciences},
  volume={372},
  number={1714},
  pages={20160105},
  year={2017},
  publisher={The Royal Society}
}

@article{f134,
  title={The psychophysics toolbox},
  author={Brainard, David H},
  journal={Spatial vision},
  volume={10},
  number={4},
  pages={433--436},
  year={1997},
  publisher={Brill}
}

%Hasta aca
@article{f135,
author = {Kleiner, Mario and Brainard, D.H. and Pelli, Denis and Ingling, A. and Murray, R. and Broussard, C.},
year = {2007},
month = {01},
pages = {1-16},
title = {What's new in Psychtoolbox-3},
volume = {36},
journal = {Perception},
doi = {10.1068/v070821}
}

@manual{f136,
  added-at = {2011-03-27T17:20:41.000+0200},
  address = {Vienna, Austria},
  annote = {\{ISBN\} 3-900051-07-0},
  author = {Team, R Development Core},
  biburl = {https://www.bibsonomy.org/bibtex/2b73bfa376907e90089cf7434f67bfd53/yevb0},
  file = {:R Development Core Team_2010_R A language and environment for statistical computing.zip:ZIP},
  interhash = {9aa6193a7e685d1e8bd0cdf1bfbbbe8d},
  intrahash = {b73bfa376907e90089cf7434f67bfd53},
  keywords = {imported},
  organization = {R Foundation for Statistical Computing},
  timestamp = {2011-03-27T17:21:11.000+0200},
  title = {R: A language and environment for statistical computing},
  url = {http://www.r-project.org},
  year = 2010
}

@article{f137,
   author = {Douglas Bates and Martin Mächler and Ben Bolker and Steve Walker},
   title = {Fitting Linear Mixed-Effects Models Using lme4},
   journal = {Journal of Statistical Software, Articles},
   volume = {67},
   number = {1},
   year = {2015},
   keywords = {sparse matrix methods; linear mixed models; penalized least squares; Cholesky decomposition},
   abstract = {Maximum likelihood or restricted maximum likelihood (REML) estimates of the parameters in linear mixed-effects models can be determined using the lmer function in the lme4 package for R. As for most model-fitting functions in R, the model is described in an lmer call by a formula, in this case including both fixed- and random-effects terms. The formula and data together determine a numerical representation of the model from which the profiled deviance or the profiled REML criterion can be evaluated as a function of some of the model parameters. The appropriate criterion is optimized, using one of the constrained optimization functions in R, to provide the parameter estimates. We describe the structure of the model, the steps in evaluating the profiled deviance or REML criterion, and the structure of classes or types that represents such a model. Sufficient detail is included to allow specialization of these structures by users who wish to write functions to fit specialized linear mixed models, such as models incorporating pedigrees or smoothing splines, that are not easily expressible in the formula language used by lmer.},
   issn = {1548-7660},
   pages = {1--48},
   doi = {10.18637/jss.v067.i01},
   url = {https://www.jstatsoft.org/v067/i01}
}

@article{f138,
   author = {Alexandra Kuznetsova and Per B. Brockhoff and Rune H. B. Christensen},
   title = {lmerTest Package: Tests in Linear Mixed Effects Models},
   journal = {Journal of Statistical Software, Articles},
   volume = {82},
   number = {13},
   year = {2017},
   keywords = {denominator degree of freedom, Satterthwaite's approximation, ANOVA, R, linear mixed effects models, lme4},
   abstract = {One of the frequent questions by users of the mixed model function lmer of the lme4 package has been: How can I get p values for the F and t tests for objects returned by lmer? The lmerTest package extends the 'lmerMod' class of the lme4 package, by overloading the anova and summary functions by providing p values for tests for fixed effects. We have implemented the Satterthwaite's method for approximating degrees of freedom for the t and F tests. We have also implemented the construction of Type I - III ANOVA tables. Furthermore, one may also obtain the summary as well as the anova table using the Kenward-Roger approximation for denominator degrees of freedom (based on the KRmodcomp function from the pbkrtest package). Some other convenient mixed model analysis tools such as a step method, that performs backward elimination of nonsignificant effects  -  both random and fixed, calculation of population means and multiple comparison tests together with plot facilities are provided by the package as well.},
   issn = {1548-7660},
   pages = {1--26},
   doi = {10.18637/jss.v082.i13},
   url = {https://www.jstatsoft.org/v082/i13}
  }
   
@article{f139,
publisher = {International Biometric Society},
title = {Small Sample Inference for Fixed Effects from Restricted Maximum Likelihood},
volume = {53},
year = {1997},
abstract = {Restricted maximum likelihood (REML) is now well established as a method for estimating the parameters of the general Gaussian linear model with a structured covariance matrix, in particular for mixed linear models. Conventionally, estimates of precision and inference for fixed effects are based on their asymptotic distribution, which is known to be inadequate for some small-sample problems. In this paper, we present a scaled Wald statistic, together with an F approximation to its sampling distribution, that is shown to perform well in a range of small sample settings. The statistic uses an adjusted estimator of the covariance matrix that has reduced small sample bias. This approach has the advantage that it reproduces both the statistics and F distributions in those settings where the latter is exact, namely for Hotelling T
type statistics and for analysis of variance F-ratios. The performance of the modified statistics is assessed through simulation studies of four different REML analyses and the methods are illustrated using three examples.},
author = {Kenward, M G and Roger, J H},
address = {United States},
copyright = {Copyright 1997 The International Biometric Society},
issn = {0006-341X},
journal = {Biometrics},
keywords = {Statistical variance ; Maximum likelihood estimation ; Degrees of freedom ; Estimation bias ; Approximation ; Covariance ; Inference ; Covariance matrices ; Statistics ; Estimators ; Reproducibility of Results ; Randomized Controlled Trials as Topic - methods ; Soil Microbiology ; Bias ; Humans ; Intermittent Claudication - drug therapy ; Probability ; Plants - microbiology ; Models, Statistical ; Biometry - methods ; Rhizobium - physiology ; Cross-Over Studies ; Regression Analysis ; Intermittent Claudication - physiopathology ; Analysis of Variance ; Clinical Trials as Topic - methods ; Research Design ; Nitrogen Fixation ; Index Medicus},
language = {eng},
number = {3},
pages = {983-997},
}

@inbook{f140,
  added-at = {2017-04-14T16:55:40.000+0200},
  address = {New York, NY},
  author = {Akaike, Hirotogu},
  biburl = {https://www.bibsonomy.org/bibtex/27a0be27d77d022668d19a554218ddb23/becker},
  booktitle = {Selected Papers of Hirotugu Akaike},
  interhash = {2782e1db136f4c3bf43d25c7a6fa90ca},
  intrahash = {7a0be27d77d022668d19a554218ddb23},
  keywords = {aic akaike comparison criterion diss information inthesis model selection},
  pages = {199--213},
  publisher = {Springer New York},
  timestamp = {2017-12-20T07:53:07.000+0100},
  title = {Information Theory and an Extension of the Maximum Likelihood Principle},
  year = 1973
}


@BOOK{C94,
    AUTHOR       = {Cristian Calude},
    TITLE        = {Information and Randomness, an Algorithmic Perspective},
    PUBLISHER    = {Springer-Verlag},
    ADDRESS      = {Berlin},
    YEAR         = {1994}
    }

%LV97 es li2013introduction

@ARTICLE{M19,
    AUTHOR       = {Richard von Mises},
    TITLE        = {Grundlagen der {W}ahrscheinlichkeitsrechnung},
    JOURNAL      = {Mathematische Zeitschrift},
    VOLUME       = {5},
    PAGES        = {52--99},
    YEAR         = {1919}
    }

@ARTICLE{M66,
AUTHOR       = {Per Martin-L{\"o}f},
TITLE        = {The definition of random sequences},
JOURNAL      = {Information and Control},
VOLUME       = {9},
PAGES        = {602--619},
YEAR         = {1966}
}


@ARTICLE{C76,
    AUTHOR       = {Gregory J.~Chaitin},
    TITLE        = {Algorithmic entropy of sets},
    JOURNAL      = {Computers \& Mathematics with Applications},
    VOLUME       = {2},
    PAGES        = {233--245},
    YEAR         = {1976}
    }

@ARTICLE{C76b,
    AUTHOR       = {Gregory J.~Chaitin},
    TITLE        = {Information-theoretical characterizations of recursive infinite strings},
    JOURNAL      = {Theoretical Computer Science},
    VOLUME       = {2},
    PAGES        = {45--48},
    YEAR         = {1976}
    }

@ARTICLE{S71,
    AUTHOR       = {Claus-Peter Schnorr},
    TITLE        = {{Z}uf\"alligkeit und {W}ahrscheinlichkeit},
    JOURNAL      = {Lecture Notes in Mathematics},
    VOLUME       = {218},
    PUBLISHER    = {Springer-Verlag},
    ADDRESS      = {Heidelberg},
    YEAR         = {1971}
    }

@ARTICLE{L73,
    AUTHOR       = {Leonid A.~Levin},
    TITLE        = {On the Concept of a Random Sequence},
    JOURNAL      = {Doklady Akad. Nauk SSSR},
    VOLUME       = {14},
    NUMBER       = {5},
    PAGES        = {1413--1416},
    YEAR         = {1973}
    }

@ARTICLE{G74,
    AUTHOR       = {P\'eter G\'acs},
    TITLE        = {On the symmetry of algorithmic information},
    JOURNAL      = {Soviet Mathematics Dolkady},
    VOLUME       = {15},
    PAGES        = {1477--1480},
    YEAR         = {1974}
    }

@ARTICLE{C87b,
    AUTHOR       = {Gregory J.~Chaitin},
    TITLE        = {Incompleteness theorems for random reals},
    JOURNAL      = {Advances in Applied Mathematics},
    VOLUME       = {8},
    PAGES        = {119--146},
    YEAR         = {1987}
    }

@MISC{L71,
    AUTHOR       = {Leonid A.\ Levin},
    TITLE        = {Some Theorems on the Algorithmic Approach to Probability Theory and Information Theory},
    HOWPUBLISHED = {Dissertation in Mathematics, Moscow},
    YEAR         = {1971}
    }

@ARTICLE{S73,
    AUTHOR       = {Claus-Peter Schnorr},
    TITLE        = {Process complexity and effective random tests},
    JOURNAL      = {Journal of Computer Systems Science},
    VOLUME       = {7},
    PAGES        = {376--388},
    YEAR         = {1973}
    }

@book{DHBook,
  title={Algorithmic Randomness and Complexity},
  author={Downey, Rod and Hirschfeldt, Denis},
  isbn={9780387955674},
  series={Theory and Applications of Computability Series},
  url={http://books.google.com.ar/books?id=HQLXPAAACAAJ},
  year={2010},
  publisher={Springer}
}


@MISC{K49,
    AUTHOR       = {L. G. Kraft},
    TITLE        = {A device for quantizing, grouping, and coding amplitude modulated pulses},
    HOWPUBLISHED = {M.Sc. Thesis, Massachusetts Institute of Technology},
    YEAR         = {1949}
    }

@ARTICLE{planton2021memory,
  title={A theory of memory for binary sequences: Evidence for a mental compression algorithm in humans},
  author={Samuel Planton and Timo van Kerkoerle and Le\"ila Abbih and Maxime Maheu and Florent Meyniel and Mariano Sigman and Liping Wang and Santiago Figueira and Sergio Romano and Stanislas Dehaene},
  journal={PLoS computational biology},
  volume={17},
  number={1},
  pages={e1008598},
  year={2021},
  publisher={Public Library of Science}
}

@ARTICLE{tano2021framework,
  title={A logical framework to study concept-learning biases in the presence of multiple explanations},
  author={Pablo Tano and Sergio Abriola and Sergio Romano and Santiago Figueira},
  journal={Behavior Research Methods},
  year={2021},
  volume={DOI 10.3758/s13428-021-01596-4}
}


@BOOK{O99,
    AUTHOR       = {Piergiorgio Odifreddi},
    TITLE        = {Classical recursion theory},
    PUBLISHER    = {North-Holland},
    VOLUME       = {1},
    ADDRESS      = {Amsterdam},
    YEAR         = {1999}
    }

@BOOK{R87,
    AUTHOR       = {Hartley Rogers, Jr.},
    TITLE        = {Theory of recursive functions and effective computability},
    YEAR         = {1987},
    PUBLISHER    = {MIT Press},
    ADDRESS      = {Cambridge, MA, USA}
 }

@BOOK{S87,
    AUTHOR       = {Robert I.~Soare},
    TITLE        = {Recursively enumerable sets and degrees},
    PUBLISHER    = {Springer},
    ADDRESS      = {Heidelberg},
    YEAR         = {1987}
    }
